1752 2978
109 144 197 216 290ι
682 175 730 210 H.
766 175 898 211 Loew:
930 174 1100 223 Diptera

111 285 330 337 Pygostolo
359 295 500 320 nomen
530 280 712 319 Nic-acles
740 280 1054 319 substituendum
1084 284 1202 328 esset,
1231 281 1268 317 in
1300 280 1395 318 nota.
1423 280 1469 318 ad
1502 279 1657 319 Blacem

112 349 256 387 bellum
287 347 397 385 Cent.
427 344 477 383 X.
509 343 581 382 No.
603 345 665 382 24.
696 345 830 384 addita
859 344 1066 383 declaravi.

218 410 410 449 Nonnulla
440 422 626 460 generum
647 410 805 447 nomina
828 409 1105 447 emendatione
1127 408 1321 458 indigen13
1350 422 1450 460 quae
1472 423 1558 447 cum
1581 415 1658 448 tam

110 477 204 514 levis
234 476 295 519 sit,
326 478 365 511 ut
396 474 544 511 formae
573 472 780 510 verborum
812 487 887 511 non
919 473 1032 510 nimis
1063 477 1284 519 mutentur⁷
1319 473 1359 509 in
1388 473 1518 511 indice
1547 487 1656 524 gene-

111 539 178 577 rali
211 539 364 575 nomina
396 537 599 575 emendata
634 536 802 574 scribere
833 551 910 575 non
943 536 1133 574 dubitavi.
1203 536 1340 586 Itaque
1369 550 1439 588 pro
1472 539 1660 587 Rymosici

110 602 383 653 Rhymosffim,
420 615 490 652 pro
521 602 740 638 Rachicero
771 600 1075 645 Rbaehicerum.
1113 615 1183 652 pro
1216 601 1508 651 Argyromoebd
1538 602 1659 653 Argy-

108 666 350 711 ramoebm,
394 678 464 716 pro
502 665 747 702 Dalmanm'd
786 665 1030 702 Dalmaniam
1074 665 1179 715 legis.
1250 665 1585 716 Mesogrmnmam
1619 667 1658 703 in

111 730 394 781 Mesograptam
427 729 594 773 mutavi,
630 729 719 778 quia
755 728 850 766 illud
888 742 1030 766 nomen
1068 730 1142 779 jam
1173 729 1391 781 plantarum
1422 730 1552 780 generi
1581 730 1659 767 cui-

110 795 195 831 dam
226 793 415 831 tributum
446 797 540 830 erat.
599 791 781 842 Denique
803 794 1020 830 Anthracis
1049 793 1211 839 nomini,
1241 807 1318 845 quo
1349 793 1586 845 dipterologi
1618 797 1658 830 ut

110 857 322 896 foeminino
352 858 409 894 usi
437 861 512 903 sut,
543 856 797 894 masculinum
817 870 954 895 sexum
977 857 1142 903 restitui,
1172 862 1210 895 et
1231 858 1428 908 Cyrtoma,
1457 871 1576 908 quum
1599 871 1657 895 ne-

110 934 303 974 quaquam
335 921 592 959 foemininum
621 920 684 966 sit,
714 921 862 958 neutris
892 922 1087 973 adscripsi.

216 985 267 1024 Ut
298 986 414 1023 etiam
446 984 682 1035 systematis,
714 984 818 1036 quod
851 984 945 1022 mihi
976 986 1216 1035 sequendum
1255 985 1477 1033 videbatur,
1512 985 1659 1023 mentio

110 1052 187 1097 fiat.
217 1051 291 1088 hoc
322 1061 586 1087 commemoro
615 1049 653 1086 in
683 1048 840 1086 familiis
870 1049 1233 1087 circumscribendis
1267 1054 1304 1088 et
1334 1049 1572 1088 collocandis
1601 1063 1661 1087 me

111 1130 196 1154 eum
243 1114 439 1159 ordinem,
482 1127 597 1164 quem
641 1115 677 1149 in
719 1112 1010 1164 Monographiis
1047 1113 1301 1165 Dipterorum
1341 1114 1660 1151 Americanorum

110 1178 390 1230 (Monographs
420 1178 462 1215 of
488 1177 553 1215 the
582 1176 746 1228 Diptera
775 1178 814 1215 ot
843 1176 970 1215 North
1000 1177 1180 1216 America
1212 1177 1252 1215 P.
1272 1177 1317 1226 Ι.)
1355 1178 1574 1229 explanavi,
1605 1191 1660 1214 se-

112 1250 244 1282 cutum
274 1256 366 1281 esse.
427 1241 465 1278 ln
490 1241 743 1293 Dipterorum
764 1241 1077 1293 acalypterorum
1106 1256 1219 1295 grege
1248 1242 1454 1280 difficultas
1476 1254 1660 1292 generum

111 1314 146 1346 et
177 1307 409 1346 familiarum
440 1305 883 1343 circumscribendarnm
914 1310 991 1343 tam
1023 1308 1128 1345 varia
1158 1311 1216 1345 est
1245 1319 1290 1344 ac
1320 1311 1440 1345 tanta.
1471 1309 1510 1342 ut
1531 1305 1660 1343 studio

110 1373 232 1410 solum
264 1371 557 1421 diligentissimo
579 1370 751 1420 superari
773 1382 856 1407 eam
878 1382 992 1421 posse
1012 1384 1099 1422 spes
1118 1373 1179 1409 sit.
1237 1370 1290 1409 Ea
1321 1383 1432 1408 causa
1456 1374 1528 1415 est,
1557 1368 1661 1420 quod

111 1437 157 1473 (lc
193 1437 436 1472 Rhicnoessa
465 1447 606 1484 genere
636 1434 728 1482 quid
759 1437 908 1470 certum
940 1438 977 1470 et
999 1448 1133 1472 verum
1154 1437 1217 1482 sit,
1247 1434 1468 1485 intelligere
1497 1446 1573 1469 non
1596 1444 1661 1468 va-

113 1499 179 1546 lui,
210 1504 245 1536 et
276 1499 457 1550 quoniam
488 1498 626 1548 aliquis
657 1497 690 1534 ei
720 1496 828 1534 locus
858 1499 1130 1536 concedendus
1161 1504 1264 1543 erat..
1299 1499 1336 1536 in
1366 1496 1511 1535 familia
1544 1497 1662 1548 Agro-

113 1563 355 1614 myzidarnm
385 1562 513 1600 locum
545 1561 755 1612 adsignavi.
813 1560 854 1598 Id
886 1574 1006 1612 genus
1034 1563 1328 1601 similitudinem
1350 1561 1543 1613 quandam
1560 1559 1661 1610 Phy-

112 1627 426 1665 codromidarnm
464 1625 606 1664 habere
645 1624 773 1676 negari
803 1626 960 1675 nequit3
995 1631 1030 1663 at
1068 1627 1215 1664 recedit
1251 1626 1296 1664 ab
1326 1626 1370 1663 iis
1401 1624 1662 1662 diversissimo

113 1704 233 1730 venae
263 1690 463 1729 auxiliaris
491 1691 588 1737 situ,
626 1703 745 1740 qnare
775 1691 805 1726 si
837 1690 881 1727 iis
918 1690 1087 1729 inserere
1118 1690 1395 1729 Rhicnoessam
1430 1688 1662 1733 maluissem,

113 1755 312 1793 meliorem
343 1755 376 1792 ei
406 1754 534 1793 locum
571 1755 771 1792 inventum
810 1767 890 1792 esse
928 1755 993 1791 vix
1035 1755 1255 1793 credideris.
1314 1753 1463 1791 Pariter
1496 1752 1542 1790 de
1576 1752 1660 1789 Tri-

107 1824 359 1871 gonometope'
388 1820 523 1857 vittati
552 1819 639 1856 loco
671 1819 838 1856 maxime
869 1817 1008 1856 dubius
1033 1818 1186 1857 haereo.
1245 1817 1341 1856 Nam
1374 1822 1414 1854 ut
1444 1831 1491 1855 ex
1522 1816 1661 1854 descri-

112 1885 244 1933 ptione
274 1884 411 1933 liquet,
441 1896 460 1920 a
490 1882 822 1934 Trigonometopo
858 1882 1017 1920 frontali
1049 1883 1160 1935 Meig.
1202 1883 1303 1920 notis
1340 1880 1662 1920 conformationis

112 1947 326 1997 insignibus
357 1952 560 1999 tantopere
600 1947 750 1993 differt,
787 1951 827 1983 ut
858 1947 895 1984 in
936 1947 1037 1984 idem
1075 1961 1195 1997 genus
1232 1947 1400 1985 redactis
1435 1948 1568 1996 aperte
1604 1944 1662 1982 vis

112 2012 301 2060 quaedam
331 2010 462 2048 inferri
493 2011 683 2049 videatur.
741 2010 798 2048 Ac
830 2010 954 2060 major
983 2010 1062 2049 sere
1093 2011 1286 2048 dubitatio
1317 2015 1386 2054 est,
1415 2022 1509 2046 num
1530 2007 1661 2059 Trigo-

113 2079 368 2126 nometopnm
400 2077 437 2112 in
469 2074 868 2112 Heteroneuridarum
900 2074 1084 2112 familiam
1115 2075 1299 2126 excipere
1327 2073 1434 2111 velis.

218 2138 431 2189 Speciebus
461 2138 688 2190 quibusdam
721 2139 876 2176 nomina
907 2138 1071 2183 institui,
1101 2151 1199 2189 qnae
1228 2139 1316 2189 quia
1347 2137 1429 2176 aliis
1450 2136 1662 2177 eorundem

112 2216 294 2251 generum
334 2202 536 2253 speciebus
572 2203 754 2254 imposita
790 2207 920 2247 erant,
959 2203 1115 2240 retineri
1155 2216 1230 2240 non
1268 2206 1442 2253 possunt.
1499 2200 1663 2238 Duabus

112 2266 185 2314 jam
218 2266 371 2303 nomina
394 2270 541 2304 mutata
563 2270 665 2303 sunt.
711 2263 808 2303 Nam
831 2268 1032 2316 Scioplu'la
1052 2267 1288 2304 bimaculata
1308 2266 1420 2304 Cent.
1439 2264 1506 2303 IX.
1528 2264 1597 2302 No.
1615 2265 1651 2302 9.

113 2342 230 2378 quum
260 2329 429 2367 Roserus
465 2330 579 2368 aliam
615 2330 739 2367 civem
771 2328 1012 2381 Europaeam
1049 2331 1103 2368 ita
1132 2330 1408 2382 appellaverit,
1447 2342 1550 2367 nunc
1578 2327 1663 2365 Em-

112 2393 244 2444 pheria
274 2393 431 2441 didyma
463 2395 584 2442 audit,
615 2407 692 2444 quo
723 2394 881 2431 nomine
911 2398 947 2431 et
978 2395 1173 2445 copiosius
1209 2399 1248 2432 et
1276 2395 1487 2432 secundum
1519 2398 1663 2430 utrum-

113 2470 187 2507 que
215 2470 350 2494 sexum
381 2458 418 2494 in
449 2458 561 2496 Cent.
594 2458 661 2496 IX.
696 2457 767 2496 ΝΟ.
803 2459 861 2494 14.
899 2458 1091 2509 descripta
1130 2462 1205 2505 θείς
1245 2458 1386 2495 frustra
1419 2459 1538 2510 igitur
1567 2457 1662 2495 illud

114 2534 252 2557 nomeu
292 2522 329 2558 in
368 2521 494 2558 indice
530 2522 699 2573 generali
736 2535 912 2573 quaeras.
969 2522 1124 2560 Deinde
1164 2523 1302 2560 Midae
1330 2523 1558 2573 rzfivenstss
1596 2534 1660 2558 no-

113 2597 199 2621 men
231 2585 534 2622 Gerstaeckerus
565 2585 601 2621 in
634 2585 888 2624 Midaidarum
920 2586 1205 2638 monographia
1241 2591 1402 2638 propter
1437 2586 1608 2638 speciem
1643 2597 1662 2621 a

114 2646 341 2696 Mac-quarto
372 2648 423 2685 ita
455 2650 693 2687 nominatam
725 2663 813 2687 cum
846 2650 950 2689 Mida
987 2652 1149 2689 ventrali
1181 2652 1449 2689 commutavit.

225 2711 427 2750 Praeterea
457 2726 504 2751 ex
536 2714 813 2762 Psilocephald
843 2716 1027 2752 laticorm‘
1057 2714 1326 2766 Psilocephala
1357 2715 1575 2766 platycera,
1614 2727 1661 2751 ex

121 2775 429 2825 Rhamphmnyid
459 2778 609 2828 lugenti
640 2777 955 2829 Rhamphomyia
983 2779 1172 2826 luctuosa,
1204 2792 1251 2816 ex
1283 2779 1531 2829 Phylomyza
1547 2779 1658 2815 llic-is

122 2835 365 2889 Phytomyza
395 2840 559 2878 ilicicola
591 2841 786 2879 faciendae
817 2847 917 2879 sunt.
