1752 2978
169 130 248 168 230
720 123 771 161 H.
803 123 934 159 Loew:
964 121 1135 170 Diptera

167 237 260 273 lium
289 232 466 277 secundi,
504 230 609 267 tertii
640 233 678 266 et
707 228 834 278 quarti
864 227 1048 264 adversus
1086 226 1207 264 latera
1244 226 1462 264 abdominis
1492 224 1624 262 colore
1653 224 1706 261 lu-

168 302 339 337 tescente
369 297 532 337 tinctae,
570 294 621 330 ita
663 297 703 329 ut
732 291 872 329 fasciae
901 295 978 328 tres
1010 294 1217 341 angustae,
1253 290 1440 326 latissime
1470 289 1709 339 interruptae

168 361 475 411 conspiciantur3
505 370 636 407 margo
669 357 840 406 posticus
869 355 1057 405 segmenti
1092 354 1217 403 quinti
1247 357 1353 390 totus
1385 352 1551 389 lutescit.
1608 351 1707 389 Ven-

169 431 225 462 ter
255 428 355 468 ater,
392 422 496 458 disco
528 420 729 465 latissime,
766 418 1027 470 inaequaliter
1068 422 1102 455 et
1134 417 1290 455 sordide
1319 417 1544 454 latescente.
1603 414 1711 452 Hanc

168 486 386 525 abdominis
416 485 604 535 picturam
636 485 673 521 in
703 481 978 535 speciminibus
1008 482 1106 518 vivis
1136 485 1257 518 totam
1288 481 1449 517 viridem
1480 493 1562 516 esse
1590 479 1710 530 suspi-

169 565 247 589 cor.
304 548 427 587 Pedes
457 548 576 598 nigri,
613 547 805 585 semorum
836 547 965 597 apice,
1003 545 1184 582 tibiarum
1222 544 1300 580 basi
1331 549 1367 581 et
1396 548 1572 581 extremo
1602 543 1710 594 apice

170 615 372 665 primoque
409 616 600 650 tarsorum
641 611 806 649 articulo
844 614 996 660 praeter
1033 610 1181 660 apicem
1211 608 1360 645 fuscum
1391 606 1711 644 luteo-testaceis.

168 677 264 716 Alae
295 676 486 726 liyalinae‚
518 675 625 712 venis
656 674 909 711 validioribus
941 673 1205 723 nigro-fuscis‚
1244 671 1377 709 costali
1408 676 1536 709 tamen
1568 674 1606 707 et
1633 670 1710 706 lon-

169 740 373 792 gitudinali
405 738 521 778 tertia
551 739 735 776 adversus
765 738 913 788 apicem
954 737 1169 782 subfusffis,
1207 736 1307 773 vena,
1335 735 1610 787 longitudinali
1640 739 1712 771 ter-

170 806 222 842 tia
265 803 415 841 ramulo
458 803 670 849 instructa,
714 802 851 840 cellula
897 801 1099 838 discoidali
1135 813 1253 838 venas
1290 800 1381 837 duas
1419 799 1632 836 emittente.
1663 820 1711 826 —

172 868 336 918 (Middle
366 867 529 916 States.)

280 985 314 1022 7.
347 986 677 1034 Stratiomyia
707 987 944 1034 insignis,
982 995 1074 1019 nov,
1104 996 1160 1033 sp.
1192 980 1243 1024 07⁴.
1276 1002 1321 1008 —
1353 981 1503 1032 Ne'gra,
1533 982 1714 1030 luteo—pi—

173 1052 268 1095 losa,
296 1050 446 1085 scutelle·
476 1049 637 1084 dimicle'o
666 1049 812 1097 apiealae‘
832 1053 1190 1098 segmentorumqne
1216 1046 1516 1082 abdominatium
1544 1045 1716 1090 secundi,

172 1115 279 1151 tertia·
308 1119 342 1149 et
373 1114 504 1164 quarti
533 1112 697 1148 maculis
726 1111 951 1148 lateralibus
977 1112 1103 1157 slavis,
1133 1111 1291 1147 secundi
1321 1114 1507 1161 integrisa
1544 1114 1651 1146 tertii
1681 1114 1714 1145 et

174 1180 304 1230 quarti
333 1181 435 1214 vinci
464 1177 618 1228 obliqua
647 1177 766 1226 m'gmi
797 1180 837 1211 ἰη
866 1176 1057 1211 maculam
1093 1175 1377 1226 triangularem
1414 1179 1448 1211 et
1479 1179 1520 1210 in
1548 1178 1716 1224 strigam

174 1244 363 1294 obliquum
394 1242 593 1286 dissectis;
620 1245 823 1289 praeterea
852 1253 991 1290 margo
1009 1243 1185 1290 posticas
1203 1239 1394 1290 segmenti
1422 1242 1554 1289 quarti
1571 1243 1717 1287 puncto

172 1309 271 1354 slavo
300 1313 334 1343 et
363 1311 600 1357 segmentum
631 1308 808 1355 quintum
838 1304 979 1342 vntum
1004 1304 1115 1349 Ιῖαυά
1144 1308 1349 1340 ornantur.
1381 1326 1428 1330 —
1460 1301 1582 1352 Loug.
1610 1315 1714 1352 corp.

172 1372 315 1421 5÷-6
344 1371 425 1418 lin.‚
455 1370 554 1419 long.
587 1367 634 1404 al.
665 1367 809 1416 4÷-5
839 1366 904 1403 lin.

277 1445 407 1497 Nigra„
437 1443 562 1493 capite
594 1446 676 1478 toto
705 1440 936 1492 scutellique
967 1440 1126 1478 dimidio
1155 1439 1275 1477 basali
1301 1439 1587 1477 concoloribus.
1646 1439 1718 1477 Pu-

173 1510 238 1547 bes
268 1510 305 1546 in
336 1507 551 1546 abdominis
583 1506 689 1543 disco
720 1505 840 1555 nigra,
871 1505 907 1541 in
938 1503 1087 1553 reliquo
1126 1517 1292 1554 corpore
1321 1503 1437 1541 lutea.
1494 1503 1718 1541 Secundum

173 1573 389 1611 abdominis
426 1574 669 1621 segmentum
713 1569 896 1618 utrinque
935 1568 1124 1605 maculam
1159 1567 1412 1617 majusculam
1444 1567 1717 1617 triangularem

175 1639 311 1674 ssavam
341 1637 459 1687 gerit3
487 1638 776 1685 segmentorum
809 1632 913 1668 tertii
945 1637 982 1669 et
1013 1633 1139 1680 quarti
1176 1631 1350 1669 maculae
1379 1630 1556 1668 laterales
1586 1631 1718 1677 flavae,

176 1701 339 1751 majores
368 1712 483 1749 quam
513 1697 704 1747 segmenti
740 1696 853 1747 primi
894 1699 932 1732 et
961 1696 1085 1732 minus
1117 1695 1390 1746 triangulares7
1429 1708 1504 1731 non
1536 1696 1719 1745 integrae,

176 1763 242 1800 sed
276 1762 375 1800 vitta
406 1761 563 1810 obliqua
604 1760 708 1811 nigra
749 1760 957 1803 dissectae,
994 1759 1046 1795 ita
1078 1763 1118 1795 ut
1148 1765 1302 1809 praeter
1330 1758 1514 1809 angulum
1545 1758 1718 1795 anticum

175 1827 364 1875 segmenti
393 1826 511 1875 striga
543 1824 716 1874 obliqua,
745 1823 932 1860 arcuatim
974 1836 1022 1859 ex
1060 1823 1198 1873 angalo
1232 1824 1381 1874 postico
1411 1822 1595 1859 adversus
1626 1835 1719 1859 mar-

177 1892 305 1942 ginem
335 1890 507 1926 anticum
547 1887 754 1925 ascendens
791 1887 922 1924 colore
959 1887 1060 1923 ssavo
1090 1888 1193 1938 picta
1221 1889 1290 1933 sit,
1321 1899 1419 1936 quae
1447 1886 1486 1922 in
1516 1891 1719 1936 segmento

180 1954 295 1991 tertio
325 1953 507 1990 adversus
536 1952 651 1990 tinem
683 1952 775 1988 satis
798 1950 1001 1995 dilatatum
1030 1963 1161 2001 margo
1185 1952 1358 2002 posticus
1385 1951 1573 2001 segmenti
1594 1950 1720 1999 quarti

182 2021 325 2068 puncto
366 2017 479 2061 ssavo,
514 2020 758 2066 segmentum
795 2015 976 2064 quintum
1015 2015 1157 2052 viltula
1194 2014 1355 2065 angusta
1393 2015 1492 2052 flava
1523 2018 1719 2051 notantur.

178 2081 430 2131 Segmentum
461 2079 634 2117 ventrale
662 2078 876 2115 secundum
908 2084 1061 2128 praeter
1091 2079 1279 2116 maculam
1301 2078 1466 2115 basalem
1494 2077 1641 2127 nigram
1664 2081 1721 2114 to-

181 2148 259 2181 tum
299 2145 460 2188 ssavum3
496 2146 737 2193 segmentum
775 2142 934 2179 tertium
973 2147 1007 2178 et
1046 2148 1224 2192 quartum
1262 2143 1391 2193 nigra,
1428 2141 1543 2178 fascia
1584 2140 1721 2190 apicali

181 2208 383 2256 utriusque
414 2208 530 2252 ssavi»,
561 2205 781 2250 latiuscula‚
823 2206 940 2243 latera
979 2219 1110 2242 versus
1148 2218 1268 2254 usque
1304 2205 1348 2242 ad
1381 2204 1593 2255 marginem
1624 2204 1721 2241 anti-

183 2283 268 2307 cum
298 2272 484 2319 segmenti
515 2271 694 2315 dilatatag
722 2273 965 2320 segmentum
997 2270 1175 2318 quintum
1206 2269 1372 2319 nigrum.
1402 2269 1571 2305 tenuiter
1600 2268 1722 2305 ssavo-

182 2334 449 2383 marginatum.
509 2333 630 2371 Pedes
668 2334 780 2379 lutei,
823 2333 1032 2369 femoribus
1068 2337 1197 2370 tamen
1238 2337 1388 2384 praeter
1416 2332 1562 2382 apicem
1593 2332 1722 2381 nigris,

184 2396 284 2433 tibiis
314 2397 456 2434 annulo
486 2403 646 2449 angusto
678 2396 915 2447 nigro-fusco
947 2397 1096 2441 cinctis,
1125 2397 1236 2434 tarsis
1266 2397 1412 2447 apicem
1446 2408 1575 2432 versus
1596 2395 1721 2432 fuscis.

184 2460 278 2497 Alae
309 2461 532 2498 infuscatae.
568 2484 607 2488 —
645 2461 894 2510 (Californiag
925 2460 969 2497 H.
1002 2459 1222 2508 Edwards.)

290 2523 426 2563 Nota.
483 2523 647 2575 Propter
676 2525 839 2563 similem
869 2525 1085 2562 abdominis
1124 2525 1311 2575 picturam
1343 2525 1640 2571 Stratiomyo'am
1669 2527 1724 2559 in-

183 2592 332 2639 signem
362 2601 506 2626 marem
536 2591 813 2640 Stratiomyiae
843 2590 1062 2626 maculosae
1091 2588 1221 2638 (Ceut.
1245 2587 1326 2624 Vll.
1353 2587 1428 2635 19.)
1463 2600 1542 2624 csse
1573 2598 1723 2636 persua-

184 2664 268 2689 sum
299 2651 491 2698 haberem,
523 2653 593 2691 nisi
624 2653 739 2691 facies
769 2658 806 2692 et
835 2653 1042 2691 scutellum
1074 2652 1188 2702 liujus
1220 2656 1297 2688 tota
1328 2650 1424 2687 flava
1454 2653 1592 2687 essent.
