1752 2978
167 88 245 127 228
728 84 776 121 H.
812 85 936 120 Loew:
972 82 1140 132 Diptera

273 193 538 242 Ctenophorae
578 194 746 228 vittatae
783 188 898 240 Meig.
944 189 1136 240 proxima.
1206 186 1335 238 Caput
1377 190 1505 224 totum
1547 186 1712 237 nigrum.

167 258 277 309 Palpi
305 257 404 294 laete
434 256 541 300 lutei,
572 254 737 292 articulo
768 253 962 291 terminali
993 253 1115 292 fusco.
1174 241 1383 290 Ante‘nnae
1416 251 1531 289 radiis
1561 250 1712 287 modice

164 323 288 373 longis
318 325 357 359 et
384 317 680 369 subaequalibus
703 317 978 368 quadrifariam
1000 317 1232 368 pectinatae.
1288 315 1404 366 Scapi
1434 314 1618 353 articulus
1637 314 1711 364 pri-

165 399 248 423 mus
278 385 399 434 niger,
427 382 620 421 secundus
657 382 809 428 luteus,
844 382 1027 419 adversus
1058 381 1181 419 basim
1211 380 1490 430 nigro-fuscus3
1526 377 1713 416 articulus

165 450 309 501 primus
338 446 480 497 flagelli
509 447 657 493 luteus3
687 446 783 482 infra
814 459 936 496 prope
965 446 1088 483 basim
1118 443 1209 482 lobo
1230 443 1458 495 majusculo,
1487 455 1607 494 prope
1635 442 1713 493 api-

164 526 245 550 cem
276 510 392 549 radiis
423 510 572 548 duobus
603 509 866 556 brevioribus,
895 509 963 547 illo
994 515 1031 547 et
1063 509 1121 547 bis
1152 509 1335 546 adversus
1372 508 1523 559 apicem
1551 507 1712 545 infusca-

163 577 211 613 iis
239 577 472 621 instructus3
507 574 647 623 reliqui
684 574 822 625 flagelli
860 573 1014 611 articuli
1055 573 1308 623 fusco-nigri.
1373 571 1528 609 Collare.
1562 575 1713 622 praeter

163 639 281 676 latera
320 639 427 688 nigra
467 638 566 676 laete
602 638 770 682 lutcum;
811 637 981 674 thoracis
1021 638 1178 675 dorsum
1209 636 1356 681 rufum,
1393 635 1493 673 callo
1523 633 1710 672 humerali

161 703 284 747 luteo,
315 702 552 752 marginibus
582 701 806 739 lateralibus
836 706 875 739 et
906 701 1056 739 macula
1085 702 1277 750 oblonga,
1314 700 1359 737 ab
1394 700 1559 738 incisura
1593 711 1712 747 usque

162 767 209 805 ad
239 768 451 816 marginem
473 767 665 817 posticum
688 767 907 816 pertinente
930 766 1058 817 nigris.
1118 765 1335 803 Scutellum
1366 766 1532 815 nigrunn
1562 762 1711 812 augulis

161 830 384 868 lateralibus
415 831 540 868 luteis.
600 830 762 869 Pleurae
792 835 945 881 praeter
976 831 1111 867 vittam
1141 830 1285 867 luteam
1317 834 1352 867 et
1384 833 1625 866 metanotum
1656 831 1711 863 to-

163 900 245 932 tum
276 895 394 945 nigra.
453 894 657 932 Abdomen
690 895 839 941 rufum,
877 895 976 932 vitta
1012 894 1162 944 integra
1192 893 1321 944 nigra,
1352 894 1391 930 in
1421 896 1710 942 segmentorum

161 958 403 1009 singulorum
434 959 606 1007 margine
637 959 786 1009 postico
820 957 933 994 valde
963 957 1122 994 dilatata
1154 958 1322 1008 pictum3
1354 961 1489 994 venter
1513 954 1712 999 concolor,

162 1028 451 1073 segmentorum
489 1022 730 1071 singulorum
770 1020 1006 1073 marginibus
1043 1022 1203 1073 posticis
1240 1020 1359 1058 ssavis.
1430 1018 1712 1070 Hypopygium

162 1086 340 1124 similiter
377 1089 494 1135 atque
529 1087 566 1122 iu
599 1087 846 1135 Ctenoplmrci
876 1089 1021 1122 vittata
1050 1089 1339 1130 constructum,
1372 1084 1521 1129 rusum,
1551 1082 1714 1120 lamellis

163 1148 389 1187 lateralibus
421 1148 641 1199 majusculis
674 1148 909 1194 luteo—rufi&
940 1148 1091 1186 lamella
1115 1149 1253 1199 supera
1275 1148 1395 1194 fusca,
1425 1147 1619 1199 profunde
1648 1159 1713 1183 ex-

163 1214 262 1258 cisa,
300 1214 350 1249 ita
389 1216 430 1248 ut
467 1212 648 1262 utrinque
686 1214 723 1250 in
756 1213 911 1251 dentem
948 1225 1211 1263 compressum
1243 1212 1431 1264 producta
1469 1212 1531 1249 sit.
1591 1210 1712 1248 Pedes

164 1291 210 1314 ex
242 1276 345 1313 luteo
376 1275 462 1321 rusi,
491 1276 682 1313 femorum
716 1278 978 1327 tibiarumque
1008 1277 1116 1327 apice
1147 1277 1337 1327 tarsisqne
1366 1276 1626 1313 anterioribus
1656 1275 1708 1311 ni-

163 1341 252 1391 gris,
281 1339 406 1390 primo
438 1338 573 1375 horum
604 1339 767 1376 articulo
800 1341 919 1377 basim
950 1353 1083 1377 versus
1114 1339 1244 1385 fusco,
1276 1341 1389 1377 'tarsis
1419 1340 1579 1390 posticis
1609 1338 1710 1375 laete

164 1403 367 1449 vitellinis,
406 1402 497 1439 inde
533 1403 580 1439 ab
620 1403 774 1440 articuli
815 1405 917 1441 tertii
947 1405 1057 1454 apice
1092 1404 1231 1453 nigris3
1270 1404 1414 1441 femora
1454 1405 1604 1454 postica
1634 1415 1709 1439 non

162 1469 383 1504 incrassata.
440 1465 616 1504 Halteres
647 1467 755 1506 lutei,
813 1467 910 1506 Alae
942 1472 1139 1519 angustae‚
1172 1482 1219 1505 ex
1244 1468 1351 1505 luteo
1372 1467 1588 1513 subsuscae,
1617 1468 1711 1517 stig-

164 1537 266 1570 mate
297 1543 415 1582 parvo
445 1531 567 1568 fusco.
599 1553 644 1558 —
676 1531 937 1581 (California.)

270 1640 304 1678 4.
337 1638 669 1687 Oclontomyia
698 1644 921 1685 arcuata,
962 1651 1049 1675 nov.
1081 1652 1138 1689 sp.
1168 1642 1211 1688 ῼ.
1250 1660 1297 1664 -
1341 1639 1617 1685 Viridi-llava‚
1647 1652 1710 1674 oc-

163 1704 279 1749 cipite
313 1708 470 1752 praeter
505 1701 692 1747 orbitam,
729 1707 890 1749 ver-tabe,
918 1703 1078 1751 frontis
1099 1704 1243 1753 fascia
1278 1704 1495 1754 inaequali,
1530 1707 1713 1739 antennis

161 1773 316 1817 praelev-
349 1766 484 1810 basim,
516 1767 687 1803 thoracis
717 1767 834 1803 (larsa
869 1767 1142 1818 abdornae‘neque
1170 1771 1321 1818 nigris,
1350 1769 1512 1804 maculae's
1543 1767 1712 1804 laterali-

162 1832 229 1868 bus
258 1832 373 1879 liujus
402 1832 445 1867 in
473 1831 597 1867 medio
626 1831 827 1868 abdomine
846 1831 942 1881 sere
971 1831 1196 1868 coeuntibus
1234 1838 1267 1868 et
1305 1838 1438 1869 ventre
1472 1838 1554 1868 1010
1580 1832 1713 1878 sla170'35

161 1896 276 1945 pedes
305 1897 418 1941 lutei3
449 1896 599 1931 alarum
621 1896 778 1932 cellulae
801 1896 1112 1946 submavginales
1132 1896 1243 1942 duae,
1269 1901 1508 1946 posteriores
1532 1902 1710 1947 quatuor.

165 1982 213 1987 —
244 1959 367 2010 Long.
398 1972 503 2010 corp.
535 1962 582 2008 5}
616 1960 699 2007 lin.⁷
731 1960 833 2010 long.
863 1960 911 1999 al.
943 1961 1115 2010 4}-—4}
1146 1961 1212 1999 lin.

269 2034 398 2085 Caput
429 2034 571 2084 pallide
599 2034 755 2079 flavum,
787 2035 884 2072 facie
915 2036 1053 2073 obtusa
1086 2035 1348 2072 immaculata.
1405 2033 1572 2086 Occiput
1606 2047 1712 2086 prae-

165 2103 222 2135 ter
252 2097 416 2135 orbitam
447 2098 612 2148 nigrum.
668 2098 803 2136 Triens
833 2113 1036 2150 supremus
1065 2099 1207 2136 frontis
1229 2100 1350 2150 niger,
1380 2099 1417 2136 in
1449 2099 1618 2150 margine
1649 2112 1711 2150 po-

163 2162 261 2198 stico
291 2161 466 2199 obsolete
496 2161 892 2212 luteo-bipunctatus3
927 2167 1127 2214 praeterea
1158 2164 1195 2200 in
1228 2163 1357 2199 fronte
1388 2162 1502 2199 fascia
1533 2164 1713 2213 inaequa-

163 2224 210 2262 lis
240 2225 370 2275 nigra,
415 2239 435 2263 e
472 2226 634 2263 maculis
669 2226 814 2263 duabus
851 2228 997 2276 magnis
1027 2231 1066 2264 et
1104 2227 1310 2277 interjecta.
1344 2226 1459 2263 litura
1497 2227 1713 2277 composita

165 2289 413 2337 conspicitur.
470 2289 677 2327 Antcnnae
707 2291 850 2340 nigrae,
880 2290 957 2327 basi
989 2304 1035 2327 cx
1059 2290 1143 2327 rufo
1166 2291 1292 2327 badia.
1350 2289 1535 2327 Thoracis
1557 2290 1713 2327 dorsum

164 2355 317 2402 praeter
345 2351 464 2388 callos
496 2352 712 2392 humerales
736 2359 772 2392 et
794 2360 949 2405 praeter
969 2354 1128 2404 angulos
1148 2355 1317 2406 posticas
1341 2354 1507 2405 nigrum,
1540 2358 1713 2390 tomento

164 2428 294 2461 aureo,
324 2415 506 2454 adversus
537 2416 659 2455 latera
689 2417 928 2456 confertiore
951 2419 1147 2455 vestitum.
1195 2416 1415 2456 Scutellum
1445 2418 1601 2461 ssavum,
1632 2417 1712 2454 basi

164 2479 286 2532 nigra,
316 2480 498 2518 dentibus
528 2481 739 2531 apicalibus
769 2483 909 2533 parvis,
938 2482 1308 2533 subapproximatis,
1337 2482 1487 2532 apicem
1509 2493 1640 2517 versus
1662 2480 1713 2516 ni-

165 2545 252 2594 gris.
310 2543 473 2583 Pleurae
511 2548 618 2583 totae
654 2547 946 2592 immaculatae„
983 2547 1267 2592 viridi-flavae,
1297 2547 1334 2583 in
1365 2546 1454 2583 viva
1482 2546 1564 2582 sine
1594 2544 1712 2581 dubio

166 2607 318 2645 virides.
377 2607 582 2645 Abdomen
614 2609 784 2659 nigrum3
814 2614 1014 2661 segmenta
1035 2610 1262 2653 secundum,
1293 2610 1450 2646 tertium
1474 2613 1511 2645 et
1532 2612 1712 2658 quartum

165 2670 313 2720 singula
345 2672 527 2722 utrinque
558 2671 709 2708 macula
742 2673 932 2724 triangula
960 2674 1072 2718 flava,
1101 2672 1162 2710 vel
1189 2672 1438 2718 viridi-flava,
1466 2672 1594 2709 aulice
1623 2683 1712 2708 con-

166 2733 261 2770 cava
297 2738 335 2771 et
373 2734 514 2784 angulo
551 2739 666 2772 acuto
706 2748 828 2785 usque
865 2737 912 2773 ad
950 2736 1120 2774 medium
1157 2736 1238 2773 sere
1275 2736 1465 2773 abdomen
1496 2736 1714 2785 pertinente
