1752 2978
563 112 598 146 A
604 114 766 147 mer-icae
793 112 1118 159 septentrionalis.
1537 110 1607 147 167

81 220 216 253 tennae
245 214 475 259 mediocres,
511 227 625 265 scapo
655 214 781 252 luteo.
815 214 964 265 flagello
994 215 1123 264 nigro.
1156 213 1327 250 articulis
1355 213 1604 264 simplicibus.

78 279 203 329 primo
223 290 514 326 nonnumquam
536 277 652 314 luteo.
676 276 833 314 Thorax
853 278 1041 321 cinereus,
1063 277 1164 314 dorsi
1186 275 1432 325 marginibus,
1450 277 1605 327 pleuris.

77 339 239 377 scutello
269 344 305 376 et
334 343 532 376 metanoto
562 338 825 383 albidioribus,
855 339 1128 383 immaculatisg
1159 339 1279 375 vittae
1303 338 1470 377 dorsales
1488 341 1606 390 paulo

77 401 327 443 obscuriores„
357 402 544 446 cinereae,
574 400 878 450 immarginatae,
909 401 1081 450 partibus
1111 400 1259 437 mediae
1295 414 1361 449 per
1388 401 1527 439 lineam
1557 404 1606 439 ci-

76 476 229 501 neream
260 464 446 501 dissectae
475 462 708 511 aequalibus.
749 461 950 499 Abdomen
974 462 1201 508 latericium,
1230 462 1336 498 fusco
1360 465 1605 510 trivittatum,

76 526 152 563 ima
182 526 258 563 basi
289 526 451 569 cinerea,
481 526 517 561 in
550 530 713 573 utroque
742 525 948 573 specimine
979 524 1170 573 descripto
1201 524 1433 562 mutilatum.
1474 527 1605 565 Femo-

76 602 159 626 rum
189 602 288 638 apex
317 588 456 624 fuscus.
494 587 590 624 Alae
619 591 813 636 angustae,
843 600 891 623 ex
922 587 1030 636 nigro
1061 587 1246 632 cinereae,
1276 588 1434 625 maculis
1458 590 1606 639 aliquot

76 651 297 701 majusculis
332 649 468 686 albidis
505 650 739 698 variegatae,
775 650 911 699 stigma
942 650 1152 699 nigricans,
1188 650 1335 687 macula
1363 650 1523 689 obscura
1550 653 1605 689 in-

75 714 192 763 signis
220 715 258 750 in
288 712 508 751 cellularum
537 711 722 748 basalium
756 712 864 748 initio
899 711 1004 748 nulla
1034 716 1070 749 et
1100 713 1272 750 maculae
1301 711 1450 751 albidae
1479 715 1606 754 nullae

76 777 114 813 in
144 777 293 827 postico
322 775 404 812 alae
432 775 622 823 margine,
652 773 791 811 cellula
819 774 1008 822 posterior
1029 780 1162 822 quarta
1185 780 1336 825 praeter
1355 777 1502 826 apicem
1524 781 1604 814 tota

77 838 216 883 albida,
246 839 297 875 ita
328 842 369 875 ut
394 838 509 875 fascia
531 836 707 887 angulata
737 836 861 873 albida
892 837 1039 886 postice
1059 837 1236 875 nonnihil
1255 837 1474 876 abbreviata
1493 852 1606 891 appa-

78 905 176 944 reat3
206 900 342 937 cellula
372 901 560 951 posterior
590 900 710 949 prima
742 903 891 950 praeter
920 898 1051 944 basim,
1081 900 1268 938 maculam
1288 902 1450 939 mediam
1471 907 1509 939 et
1529 903 1605 953 api-

78 977 159 1000 cem
189 967 403 1000 extremum
433 962 571 1007 albida,
600 963 731 999 colore
764 961 892 998 albido
922 965 1048 999 tamen
1072 963 1255 1000 adversus
1276 964 1439 1002 cellulae
1457 966 1605 1016 apicem

78 1025 204 1062 minus
232 1038 341 1076 puro.
375 1047 418 1053 --
450 1023 625 1074 (English
656 1024 791 1071 River3
823 1023 1046 1070 Kennicot.)

185 1151 245 1187 14.
280 1151 455 1200 Tipula
483 1155 612 1187 serta
644 1163 730 1187 nov.
760 1164 815 1200 sp.
854 1147 893 1192 07*
921 1156 960 1189 et
988 1150 1029 1191 Ω.
1090 1152 1249 1188 Thorax
1278 1157 1467 1200 cervinus,
1495 1158 1606 1190 vittis

77 1227 125 1250 em
152 1215 304 1249 cervino
332 1213 548 1264 subsuseis,
565 1212 967 1263 flisco-marginalis,
1002 1215 1127 1251 medici
1152 1228 1222 1264 per
1249 1216 1389 1251 lineam
1417 1221 1605 1252 einer-eam

77 1282 222 1312 tenuem
259 1276 444 1322 dissecta,
483 1277 567 1312 alae
599 1275 824 1325 snbsztscae,
860 1278 1022 1313 inaculis
1049 1277 1286 1327 subqunluor
1314 1278 1452 1315 albidis
1480 1284 1605 1316 varie-

74 1345 206 1389 galae,
236 1340 380 1375 cellulis
405 1338 682 1389 posterioribus
709 1344 865 1387 praeter
893 1339 1060 1375 albidam
1081 1346 1232 1389 primae
1251 1346 1285 1377 et
1307 1347 1469 1392 quartae
1486 1342 1607 1378 basim

77 1402 348 1438 immaculatis.
369 1423 418 1428 —-
446 1401 567 1451 Long.
598 1414 700 1451 corp.
730 1398 770 1442 0⁷⁸
791 1402 854 1449 Ἷὲ,
885 1399 913 1441 Ω
935 1402 985 1450 S}
1006 1402 1088 1448 liu.,
1118 1402 1237 1454 Long.
1268 1403 1315 1440 al.
1347 1405 1502 1453 7÷-—‘·÷
1524 1404 1588 1441 lin.

183 1463 239 1500 Ex
262 1463 366 1501 luteo
388 1467 568 1501 testacea.
612 1462 739 1514 Caput
759 1477 806 1501 ex
827 1464 981 1501 cervino
1003 1465 1209 1512 cinereum,
1230 1470 1355 1504 rostro
1376 1466 1495 1512 luteo,
1516 1467 1606 1505 late-

78 1526 181 1563 ribus
203 1526 332 1563 fuscis.
372 1525 479 1575 Palpi
501 1539 549 1562 ex
569 1526 677 1564 fusco
699 1526 810 1577 nigri,
840 1525 918 1562 basi
938 1526 1164 1576 plerumque
1185 1527 1298 1566 lutea.
1337 1528 1605 1567 Antennarum

77 1600 213 1638 scapus
243 1588 385 1634 luteus;
414 1589 562 1626 articuli
583 1588 724 1639 flagelli
743 1588 968 1634 mediocres,
998 1590 1141 1639 primus
1163 1590 1412 1640 cylindricus,
1441 1592 1605 1642 plerum·

79 1662 154 1701 que
191 1650 335 1697 luteus3
377 1650 513 1700 reliqui
549 1651 777 1701 plerumque
812 1652 930 1702 nigri,
965 1664 1080 1703 saepe
1116 1657 1269 1703 praeter
1305 1654 1425 1691 basim
1460 1655 1606 1704 nigram

78 1713 266 1750 subfusci.
303 1714 340 1750 in
376 1725 480 1750 mare
515 1713 611 1750 infra
653 1713 843 1763 profunde
879 1714 1016 1753 excisi.
1054 1714 1091 1751 in
1127 1714 1292 1752 foemina
1327 1716 1606 1765 subsimplices.

78 1775 262 1824 Thoracis
297 1775 451 1813 dorsum
489 1789 535 1813 ex
576 1775 764 1813 ochraceo
802 1776 1018 1821 cervinum,
1061 1777 1167 1814 vittis
1205 1791 1251 1814 ex
1290 1779 1445 1815 cervino
1480 1779 1607 1826 fuscis,

79 1838 285 1875 saturatiiis
321 1839 562 1888 marginatis,
600 1839 724 1875 media
762 1851 829 1888 per
864 1838 1003 1875 lineam
1037 1839 1334 1877 subochraceam
1369 1841 1431 1878 vel
1467 1842 1609 1878 cinera-

81 1905 253 1937 seentem
282 1900 456 1937 dissecta.
501 1900 719 1937 Scutellum
741 1901 893 1937 sordide
921 1901 1123 1947 lutescens,
1153 1903 1459 1944 immaculatum:
1492 1909 1607 1941 meta-

82 1968 216 1999 notum
254 1963 464 2006 cinereum,
501 1962 655 2012 pleurae
690 1962 981 2001 subalbicantes.
1038 1963 1238 2001 Abdomen
1276 1978 1322 2002 ex
1360 1965 1464 2003 luteo
1496 1970 1607 2004 testa-

83 2037 192 2061 ceum
222 2024 281 2061 vel
311 2024 617 2067 sublatericiuim
654 2026 758 2062 vittis
787 2025 907 2062 tribus
935 2026 1074 2071 fuscis,
1109 2027 1234 2063 media
1270 2027 1499 2078 plerumque
1528 2042 1608 2080 pcr-

81 2088 232 2139 spicua,
275 2086 493 2124 lateralibus
534 2099 645 2137 saepe
689 2087 991 2126 obsoletissimis.
1048 2088 1327 2140 Hypopygium
1363 2103 1523 2142 parvum
1560 2092 1610 2130 la-

81 2150 204 2188 mellis
233 2150 496 2200 superioribus
525 2150 811 2195 minutissimis,
846 2151 944 2188 infra
974 2152 1125 2189 lamella
1156 2152 1302 2190 minuta
1332 2154 1542 2204 triangula,
1570 2155 1607 2191 in

81 2213 189 2263 apice
217 2212 411 2248 bidentata
441 2212 684 2249 instructum.
727 2212 894 2251 Terebra
924 2213 1046 2260 badia,
1076 2218 1194 2260 recta,
1222 2214 1385 2252 lamellis
1403 2217 1609 2268 superiori-

83 2275 153 2312 bus
188 2275 321 2311 acutis.
378 2273 537 2311 Femora
572 2275 720 2325 apicem
754 2288 884 2313 versus
918 2276 1104 2313 subfusca.
1162 2276 1257 2314 Alae
1289 2277 1511 2324 subfuscae,
1547 2280 1608 2317 ad-

83 2350 213 2374 versus
255 2341 400 2374 eostam
443 2337 692 2383 lutescentcs,
734 2339 893 2376 maculis
927 2338 1170 2388 sanuatuor
1204 2338 1339 2376 albidis
1375 2342 1609 2391 variegatam

84 2400 219 2449 stigma
249 2399 415 2444 suscum3
443 2398 668 2435 cellularum
697 2401 954 2450 posteriorum
986 2402 1105 2449 prima
1136 2406 1173 2437 ct
1202 2407 1334 2450 quarta
1365 2403 1402 2440 in
1433 2404 1509 2441 basi
1533 2404 1609 2441 sere

83 2475 232 2511 semper
250 2461 470 2497 albicantes.
493 2461 658 2511 reliquae
678 2462 962 2503 immaculatam
993 2476 1122 2513 margo
1143 2464 1370 2501 cellularum
1391 2466 1608 2502 axillarium

87 2524 363 2560 immaculatus.
388 2544 431 2549 --
464 2522 638 2572 (English
660 2524 794 2570 River,
817 2524 1043 2574 WVinnipeg3
1074 2526 1275 2563 Kennicot.
1316 2527 1609 2566 Massaehnsets:

86 2586 292 2631 Sentlder.)

1302 2782 1347 2817 1-‘3
