1752 2978
119 157 198 197 234
706 159 754 196 H.
776 160 908 197 Loew:
938 133 1107 210 Diplei'a

236 264 298 300 42.
329 264 685 313 Chrysoioxum
716 265 931 302 laterale
959 279 1049 303 nov.
1078 279 1134 316 sp.
1165 263 1217 307 c?-
1273 266 1446 302 Pedibus
1474 266 1671 317 iolisfla-

122 332 194 373 vis,
222 328 375 363 alarum
397 326 510 362 limbo
530 328 670 363 costalc‘
690 327 828 376 fusco,
850 330 1017 380 aequali.
1042 351 1092 355 —
1113 327 1233 379 Loug.
1252 341 1357 379 corp.
1379 330 1430 377 5}
1448 329 1524 375 liu,
1549 328 1670 381 Long,

121 390 170 427 al.
198 391 247 437 5}
269 389 335 426 lin.

226 452 497 490 Antennarum
526 453 710 491 articulus
740 454 931 491 secundus
961 454 1087 504 primo
1119 454 1291 504 longior,
1328 455 1500 503 margine
1530 454 1667 505 apicali

121 519 314 561 testaceo3
342 514 526 553 articulus
554 517 690 553 tertius
718 516 1044 567 praecedentibus
1072 516 1185 553 simul
1206 516 1343 553 sumtis
1364 516 1480 566 paulo
1501 516 1666 567 longior.

123 576 238 616 Oculi
273 577 378 616 hirti.
435 577 631 616 Laterales
669 579 838 617 thoracis
876 581 998 617 vittae
1027 579 1294 630 subintegrae,
1333 579 1495 616 vittulae
1524 579 1667 618 albido-

121 640 338 692 pollinosae
374 641 618 692 conspicuae.
675 641 895 680 Scutellum
929 644 1091 687 flavum,
1132 641 1290 679 fasciola
1319 642 1412 679 disci
1442 643 1667 693 nigricante.

122 702 262 742 Flavae
297 704 513 742 abdominis
551 705 693 742 fasciae
730 705 966 751 mediocres,
1009 710 1208 750 arcuatae,
1245 704 1515 754 angustissime
1552 707 1667 744 inter-

121 770 276 817 ruptae,
313 780 401 804 cum
437 767 556 805 limbo
594 768 693 805 ssavo
731 769 911 819 marginis
948 768 1120 805 lateralis
1163 780 1377 812 connexam
1421 781 1554 820 margo
1584 782 1663 821 seg-

123 833 343 866 mentorum
388 830 631 880 singulorum
674 831 845 881 posticas
889 832 1030 877 ssavus,
1077 831 1266 882 segmenti
1311 831 1425 880 primi
1468 837 1664 883 angustus,

122 892 227 930 tertii
264 892 384 938 latus,
427 892 555 942 quarti
596 894 710 931 valde
745 894 946 938 dilatatus,
990 895 1115 943 quinti
1150 895 1187 930 in
1233 893 1424 930 maculam
1459 894 1664 946 oblongam

121 954 359 1005 productus,
411 955 463 992 ita
512 961 555 994 ut
599 958 701 994 inter
743 957 843 994 hanc
886 956 1076 993 maculam
1123 961 1160 995 et
1204 956 1358 993 fasciam
1400 955 1436 993 Y
1466 957 1663 995 inversum

121 1016 253 1054 colore
281 1019 433 1069 nigrum
463 1021 609 1070 pictum
639 1021 700 1056 sit.
756 1019 1035 1070 Hypopygium
1068 1020 1222 1056 flavum.
1278 1019 1403 1057 Media
1434 1021 1577 1058 ventris
1607 1035 1663 1059 se-

120 1084 276 1131 gmenta
305 1081 453 1132 singula
490 1083 645 1120 fasciam
677 1088 875 1120 arcuatam
905 1086 1066 1132 anguste
1096 1083 1350 1134 interruptam
1382 1087 1420 1120 et
1450 1085 1663 1134 marginem

119 1143 312 1193 posticum
348 1145 466 1182 ssavos
504 1146 659 1184 liabent.
724 1145 844 1183 Pedes
881 1146 955 1181 toti
995 1146 1094 1183 flavi.
1152 1145 1246 1182 Alae
1276 1145 1662 1195 cinereo-hyalinae,

122 1204 232 1242 fusco
263 1211 392 1244 costae
423 1209 540 1247 limbo
571 1214 734 1260 angusto
765 1213 802 1246 et
831 1208 993 1258 aequali.
1024 1230 1073 1235 -—
1103 1207 1356 1256 (Nebraska.)

175 1267 312 1306 Nota.
366 1270 400 1308 A
430 1270 681 1323 Cbrysotoxo
712 1272 885 1309 derivato
917 1270 1063 1317 Wallz„
1101 1272 1159 1308 cni
1197 1271 1331 1318 affine,
1368 1272 1464 1309 vitta
1496 1272 1661 1311 thoracis

222 1331 370 1370 laterali
399 1334 549 1381 latiore,
580 1335 752 1386 margine
773 1334 989 1371 abdominis
1009 1335 1123 1380 flavo,
1155 1336 1308 1385 pictura
1332 1336 1475 1372 ventris
1498 1335 1657 1373 laetiore

221 1395 458 1446 pedibusque
489 1398 579 1435 totis
610 1399 717 1435 ssavis
748 1396 857 1434 facile
887 1398 1147 1449 distinguitur.

225 1522 286 1558 43.
325 1523 680 1574 Chrysalo.rum
715 1523 973 1574 pubescens
1003 1522 1125 1561 Loevv
1163 1522 1202 1566 εἷ
1232 1528 1269 1561 et
1300 1522 1340 1564 Ω.
1406 1525 1573 1562 Pedibus
1604 1532 1657 1562 lo-

118 1589 170 1621 le's
189 1585 339 1636 flavis,
373 1587 447 1622 alis
475 1588 659 1623 adversus
689 1594 834 1624 coslam
864 1587 1146 1624 latescentihus.
1180 1609 1225 1613 —
1258 1587 1367 1639 Long
1403 1601 1506 1640 corp.
1535 1590 1657 1636 6lin.‚

117 1645 237 1699 Long.
269 1647 317 1685 al.
348 1650 421 1698 5T⁷5
446 1650 510 1688 lin.

317 1709 402 1759 Syn.
446 1714 701 1759 Chry-solorum
727 1716 911 1758 pubescens
938 1711 1061 1755 Loew,
1090 1711 1210 1747 Wien.
1232 1710 1446 1748 Monatschr.
1468 1713 1527 1756 IV,
1546 1716 1602 1749 84.

222 1772 423 1812 Secundus
460 1780 713 1813 antennarum
752 1777 937 1813 articulus
972 1776 1099 1827 primo
1135 1775 1305 1826 longior,
1341 1777 1475 1813 tertius
1506 1777 1655 1816 duobus

117 1836 436 1886 praecedentibus
471 1839 584 1876 simul
622 1840 758 1877 sumtis
798 1840 834 1876 in
873 1838 1044 1877 foemina
1072 1838 1335 1888 subaequalis,
1372 1839 1410 1876 in
1439 1853 1545 1878 mare
1574 1841 1655 1879 lon·

115 1898 211 1949 gior.
264 1898 378 1937 Oculi
408 1901 511 1939 hirti.
566 1902 762 1940 Laterales
792 1902 960 1940 thoracis
990 1903 1110 1940 vittae
1139 1903 1390 1953 interruptae,
1421 1903 1584 1941 vittulae
1604 1903 1654 1941 al·

116 1960 438 2011 bido-pollinosae
468 1966 708 2016 conspicuae.
766 1964 983 2003 Scutellum
1014 1967 1170 2012 ssavum,
1200 1964 1306 2002 disco
1336 1965 1457 2016 nigro.
1517 1965 1656 2005 Flavae

114 2024 333 2062 abdominis
354 2025 491 2063 fasciae
513 2028 740 2064 mediocres.
770 2034 960 2076 arcuatae,
985 2029 1238 2080 interruptae,
1259 2028 1297 2064 in
1317 2028 1464 2079 angulis
1484 2041 1657 2080 segmen-

116 2091 244 2124 torum
272 2089 430 2138 posticis
460 2101 547 2125 cum
576 2089 695 2126 limbo
727 2091 905 2141 marginis
933 2092 1074 2142 postici
1103 2103 1321 2137 connexae,
1351 2091 1390 2127 hi
1418 2091 1512 2127 liubi
1539 2092 1577 2128 in
1598 2105 1656 2129 se-

115 2150 280 2201 gmentis
308 2151 588 2202 posterioribus
618 2151 773 2189 latiores
803 2157 892 2190 sunt
922 2166 1036 2202 quam
1065 2154 1105 2190 in
1132 2153 1475 2204 praecedentibus3
1513 2153 1654 2191 limbus

114 2213 299 2264 segmenti
337 2213 461 2251 ultimi
491 2215 526 2250 in
557 2214 744 2251 maculam
777 2215 1003 2267 triangulam
1033 2215 1234 2262 dilatatur,
1270 2216 1323 2252 ita
1353 2220 1396 2252 ut
1423 2216 1526 2254 inter
1553 2216 1654 2254 hanc

114 2277 305 2313 maculam
335 2282 372 2314 et.
401 2277 558 2314 fasciam
591 2277 621 2313 V
652 2277 845 2314 inversum
877 2277 1008 2315 colore
1036 2278 1146 2329 nigro
1177 2278 1406 2329 inscriptum
1435 2279 1495 2315 sit.
1554 2279 1653 2316 Ven-

114 2343 174 2376 ter
202 2339 326 2390 niger,
355 2341 561 2391 segmentis
590 2340 737 2390 postice
766 2340 1132 2391 ssavo-marginatis,
1167 2341 1319 2379 duobus
1348 2341 1586 2380 intermediis
1613 2343 1652 2379 in

114 2414 236 2447 mare,
278 2402 421 2440 ultimis
459 2402 580 2440 tribus
616 2403 654 2439 in
690 2403 860 2440 foemina
895 2403 1064 2440 maculas
1099 2404 1208 2441 binas
1244 2408 1377 2440 ovatas
1415 2405 1651 2454 gerentibus.

114 2464 393 2515 Hypopygium
425 2466 576 2502 flavum.
632 2465 755 2503 Pedes
786 2466 883 2502 ssavi.
939 2464 1034 2502 Alae
1064 2465 1437 2516 cinereo-hyalinae,
1472 2467 1653 2505 adversus

115 2532 258 2565 costam
287 2527 534 2564 lutescentes.
564 2549 614 2554 —-
644 2528 829 2577 (lllinois3
857 2527 1183 2577 Osten-Sacken.)

220 2653 281 2689 44.
312 2653 662 2702 Chrysotoarum
698 2658 1021 2691 venir-deosum
1050 2667 1140 2691 nov.
1168 2667 1224 2705 sp.
1256 2652 1297 2694 Ω.
1358 2653 1492 2689 Ocule’s
1520 2650 1650 2693 hirtis,

113 2717 273 2752 scutelle
309 2721 392 2752 toto
413 2716 552 2765 flavo,
587 2716 801 2753 abdominis
834 2717 985 2768 globosi
1010 2716 1167 2766 fasciis
1195 2715 1468 2761 mediocribus,
1506 2713 1652 2750 modice

113 2783 309 2824 arcuatis,
343 2793 368 2815 a
396 2782 573 2829 margine
608 2779 763 2815 laterali
797 2785 832 2815 et
868 2780 1061 2830 marginis
1087 2783 1232 2828 postici
1260 2777 1373 2814 limbo
1401 2781 1569 2828 anguste
1596 2789 1650 2812 se·
