1752 2978
111 107 191 147 258
687 104 736 140 Η.
769 104 900 140 Loew:
930 102 1101 153 Diptera

110 215 315 266 septimum
358 209 666 255 immaculatum⁷
709 209 992 246 obsoletissime
1035 207 1442 259 albido-pollinosum.
1507 209 1656 248 Venter

111 282 214 314 totus
257 277 374 326 niger.
437 272 559 310 Pedes
603 272 719 319 fusci‚
765 274 874 310 {arsis
917 273 1066 323 apicem
1113 285 1246 310 versus
1282 273 1412 324 nigris.
1478 273 1656 312 Halteres

112 341 222 391 nigri‚
242 337 460 390 pedunculo
482 336 602 374 fusco.
648 335 745 374 Alae
768 336 962 387 hyalinae,
985 337 1092 374 venis
1115 337 1248 387 nigris,
1269 337 1450 387 stigmate
1468 337 1588 375 nullo.
1606 360 1655 366 —

112 402 359 452 (Californi33
391 400 435 438 H.
459 399 679 447 Edwards.)

216 465 345 504 Nota.
394 464 547 502 Novum
578 463 897 513 Bombylidarum
934 477 1073 514 genus,
1112 463 1174 500 cui
1206 464 1379 501 Allocotz
1419 477 1558 502 nomen
1591 466 1655 502 im-

110 531 232 582 posui,
261 542 280 566 a
310 528 467 579 reliquis
501 528 816 577 Bombylidarum
847 527 1050 577 generibus
1082 528 1184 564 notis
1215 526 1272 565 his
1302 527 1562 579 distinguitur.

213 593 362 643 Corpus
392 591 668 642 cylindricum‚
699 591 858 629 nudum.
917 590 1043 643 Caput
1071 590 1339 642 sphaericum,
1368 591 1498 630 fronte
1529 598 1655 631 tamen

107 658 363 710 prominente.
411 656 612 694 Antennae
633 656 782 700 breves,
803 657 1114 706 approximatae3
1144 656 1329 694 articulus
1350 657 1487 694 tertius
1509 657 1658 694 duobus

109 721 241 772 primis
277 720 389 758 simul
425 721 561 757 sumtis
598 719 788 769 aequalis,
825 720 932 770 apice
971 719 1130 769 oblique
1168 724 1369 767 truncato,
1406 720 1511 770 stylo
1546 721 1658 772 plane

109 784 299 823 obsoleto.
356 782 472 822 Oculi
511 784 726 834 permagnig
769 782 884 820 ocelli
922 787 997 820 tres
1036 783 1188 822 minuti.
1247 782 1338 822 Oris
1368 789 1545 835 apertura
1576 798 1657 836 per-

112 848 238 899 longa,
268 860 389 898 usque
419 847 465 884 ad
495 851 752 885 antennarum
784 846 902 883 basim
933 847 1150 897 pertiuensg
1184 860 1304 898 genae
1335 848 1510 886 lineares.
1567 847 1655 885 Pro-

109 912 233 949 boscis
262 912 299 948 in
330 911 405 948 oris
435 915 656 962 aperturam
687 910 847 956 inclusa,
883 911 1092 961 marginem
1123 912 1293 949 anticum
1325 911 1439 962 paulo
1460 926 1655 963 superaus.

111 975 268 1013 Alarum
305 987 426 1012 venae
462 974 639 1013 similiter
676 978 794 1024 atque
831 975 869 1011 in
901 976 1163 1024 Sparnopolio
1194 975 1353 1021 ductam
1391 976 1499 1027 apice
1529 980 1657 1013 tamen

112 1052 231 1077 venae
267 1038 557 1090 longitudinalis
595 1039 789 1077 secundae
825 1038 947 1090 magis
985 1051 1168 1086 recurvo,
1211 1039 1350 1077 cellula
1385 1039 1657 1089 submarginali

111 1104 278 1143 secunda
320 1102 628 1154 cellularumque
671 1103 931 1154 posteriorum
974 1103 1143 1141 secunda
1181 1107 1220 1141 et
1260 1104 1371 1142 tertia
1407 1104 1659 1156 longioribus,

108 1168 246 1206 venula
275 1168 442 1217 denique
471 1166 720 1205 transversali
750 1165 875 1204 media
905 1179 924 1203 a
955 1166 1117 1204 cellulae
1147 1166 1369 1206 discoidalis
1399 1167 1479 1207 basi
1507 1168 1659 1220 longius

109 1232 266 1272 remota.
322 1230 478 1269 Pulvilli
508 1231 700 1277 distincti3
733 1244 876 1281 ungues
904 1230 1111 1282 simplices

221 1350 283 1388 49.
314 1350 584 1400 Spilomyia
621 1351 955 1401 Magister-nis,
1000 1362 1089 1386 nov.
1130 1362 1185 1401 sp.
1224 1351 1263 1397 ἆ
1290 1354 1330 1387 et
1356 1352 1398 1398 ῼ.
1426 1371 1476 1377 -
1514 1349 1660 1401 Nigra,

110 1416 275 1451 maculis
309 1415 533 1465 villulisque
567 1415 760 1461 thoracis,
794 1415 946 1450 scutelli
985 1418 1164 1465 niargine
1199 1414 1488 1466 abdomini-sque
1508 1415 1662 1465 fasciis

111 1482 294 1529 angustis
323 1491 391 1515 sex
416 1478 540 1524 flavis.
560 1502 604 1508 —
638 1476 756 1528 Long.
788 1490 893 1529 corp.
915 1477 1184 1527 5÷—6÷1in.,
1213 1477 1315 1528 long.
1337 1479 1383 1516 al.
1405 1477 1658 1529 43-531in.

213 1553 449 1604 Spilomyiae
482 1555 652 1591 saltuum
684 1553 768 1590 Fbr.
802 1552 1011 1598 simillima,
1071 1551 1209 1604 Nigra,
1248 1553 1487 1591 ssavo-varia.
1544 1554 1658 1592 Oculi

110 1618 222 1654 maris
260 1617 454 1669 contigui3
493 1617 675 1668 trianguli
714 1616 908 1654 verticalis
946 1616 1148 1653 dimidium
1186 1618 1364 1668 superius
1395 1618 1566 1670 nigrum,
1605 1620 1658 1656 in-

111 1681 227 1719 ferius
256 1682 416 1728 flavum3
445 1682 548 1719 frons
586 1682 697 1727 flava,
727 1680 876 1717 macula
910 1679 1135 1732 triangulari
1170 1681 1276 1731 nigra
1311 1695 1425 1733 supra
1459 1687 1658 1720 antennas.

114 1744 234 1782 Frons
271 1745 462 1783 foeminae
500 1745 616 1791 flava,
654 1745 750 1782 vitta
788 1745 970 1781 adversus
1002 1744 1187 1781 verticem
1218 1746 1417 1782 attenuata
1449 1750 1487 1783 et
1517 1747 1660 1784 vertice

111 1810 193 1860 ipso
222 1809 349 1859 nigris.
409 1809 614 1846 Antennae
644 1809 914 1860 nigro-fuscae,
943 1820 1060 1858 saepe
1091 1821 1137 1845 ex
1170 1812 1293 1859 parte,
1322 1822 1408 1847 raro
1431 1814 1536 1848 totae
1559 1810 1658 1847 rufo-

111 1873 255 1923 piceae,
283 1872 456 1910 articulis
488 1871 636 1910 duobus
665 1873 798 1924 primis
820 1885 934 1923 quam
957 1873 1192 1922 Spilomyiae
1214 1874 1384 1909 saltuum
1404 1873 1658 1924 longioribus‚

111 1936 190 1973 seta
227 1936 342 1973 lutea.
398 1936 532 1974 Facies
572 1937 773 1986 utriusque
808 1950 923 1974 sexus
959 1936 1078 1981 flava,
1114 1936 1211 1974 vitta
1248 1937 1374 1975 media
1409 1942 1447 1975 et
1477 1939 1659 1988 utrinque

111 1999 269 2049 strigula
306 2000 354 2037 ab
392 2000 517 2038 oculis
553 2000 712 2050 oblique
747 2000 793 2037 ad
832 2000 1102 2051 peristomium
1142 2000 1256 2037 ducta
1287 2001 1417 2051 nigris,
1475 2000 1659 2040 Thoracis

111 2062 266 2100 dorsum
305 2064 343 2101 in
379 2064 552 2113 margine
588 2064 718 2101 antico
758 2064 924 2101 maculas
962 2068 1149 2114 quatuor,
1186 2065 1224 2101 in
1256 2064 1416 2101 dimidio
1447 2067 1659 2115 posteriore

112 2126 267 2164 vittulas
302 2127 395 2164 duas
430 2127 626 2174 hamatas,
662 2128 753 2166 inde
790 2127 835 2165 ab
873 2128 1023 2178 angulis
1060 2128 1218 2178 posticis
1257 2142 1379 2178 usque
1408 2129 1454 2166 ad
1484 2134 1658 2167 suturam

111 2192 345 2239 pertinentes
381 2194 419 2228 et
454 2204 575 2242 prope
611 2192 822 2242 marginem
860 2192 1053 2242 posticum
1092 2192 1229 2229 lituras
1265 2191 1325 2230 vel
1355 2192 1535 2243 strigulas
1565 2193 1658 2231 duas

112 2252 306 2303 obliquas,
334 2254 527 2292 inversam
557 2254 694 2292 literae
725 2254 758 2291 V
789 2255 954 2292 formam
985 2255 1213 2302 efficientes,
1244 2254 1375 2292 colore
1405 2257 1507 2294 flavo
1537 2257 1659 2307 pictas

110 2316 218 2366 gerit.
282 2316 323 2353 In
360 2317 504 2367 pleuris
544 2323 698 2369 praeter
736 2318 939 2355 humerum
978 2323 1015 2356 et
1056 2319 1196 2356 callum
1233 2319 1447 2358 subalarem
1487 2321 1658 2358 maculae

110 2379 250 2428 quinae
291 2380 410 2417 flavae
446 2383 758 2433 conspiciuntur,
796 2395 910 2432 quam
949 2383 986 2420 in
1018 2384 1234 2434 Spilomyici
1270 2384 1438 2421 saltuum
1479 2384 1658 2435 majore5‚

109 2443 159 2478 ita
190 2447 230 2479 ut
261 2447 336 2480 tres
366 2444 466 2482 inter
495 2445 660 2484 baltei-es
690 2450 729 2483 et
758 2458 876 2484 coxas
905 2447 1155 2485 intermedias
1184 2449 1279 2486 sitae
1310 2449 1347 2485 in
1377 2448 1532 2485 fasciam
1563 2448 1659 2486 obli-

110 2518 221 2555 quam
261 2507 489 2547 coalescant.
547 2509 678 2561 Margo
716 2510 868 2548 scutelli
910 2512 1043 2549 ssavus.
1102 2511 1333 2550 Abdominis
1369 2515 1568 2564 segmenta
1603 2525 1657 2549 se-

111 2570 299 2617 eundum,
338 2573 493 2609 tertium
532 2577 570 2610 et
605 2578 784 2622 quartum
815 2575 940 2612 fasciis
969 2575 1069 2612 binis
1098 2576 1270 2627 angustis
1301 2575 1427 2622 ssavis,
1466 2588 1533 2626 per
1563 2589 1656 2614 mar-

111 2632 236 2681 ginem
267 2634 464 2673 lateralem
484 2636 628 2673 flavum
650 2638 751 2676 inter
770 2652 809 2676 se
831 2639 1049 2689 conjunctis
1071 2645 1273 2687 ornantur,
1304 2653 1466 2691 quarum
1489 2641 1659 2677 anterior

112 2694 148 2730 in
187 2703 386 2746 segmento
423 2700 596 2737 secundo
633 2700 752 2739 latera
789 2715 920 2740 versus
950 2703 1103 2741 modice
1134 2703 1338 2750 dilatatur,
1375 2704 1588 2741 anteriores
1618 2704 1655 2740 in

111 2761 314 2808 segmentis
342 2763 458 2799 tertio
489 2767 538 2800 et·
556 2769 696 2814 quarto
727 2766 855 2803 colore
887 2768 995 2818 nigro
1017 2769 1287 2818 angustissime
1308 2768 1654 2819 interrumpuntur.
