1752 2978
577 84 609 119 Α
617 88 777 120 merione
806 87 1127 132 septentrionalis.
1535 89 1607 126 241

92 189 166 226 boc
195 202 314 239 genus
352 188 592 234 nominetur,
628 190 734 238 cujus
771 189 864 227 civis
903 190 982 241 ipsa
1019 191 1088 228 ista
1122 192 1305 228 Dioclrio
1340 199 1613 241 oclopunctala

89 257 155 290 est.
210 251 287 289 Has
316 256 443 289 autem
474 254 622 302 generis
653 259 762 291 notas
793 255 958 291 maxime
988 255 1151 304 insignes
1179 256 1377 294 habemus:
1413 256 1450 303 l)
1471 259 1614 307 apicem

91 316 269 352 tibiarum
314 316 528 352 anticarum
564 317 672 367 spina
710 322 917 363 armatum3
960 317 1000 364 2)
1035 319 1251 356 universam
1287 321 1420 370 capitis
1457 321 1615 357 sormam

92 379 286 415 Dioctriis
320 378 503 425 similem,
546 380 770 430 praesertim
807 381 1005 429 mystacis.
1050 381 1304 431 proboscidis,
1342 388 1615 427 antennas-unu

89 442 130 490 3)
159 443 349 479 abdomen
381 443 488 479 valde
518 455 735 480 convexum
766 443 908 492 ubique
936 444 1025 480 sctis
1055 445 1290 481 destitutum.
1328 446 1412 495 pilis
1442 447 1615 484 brevissi-

91 506 161 543 mis
191 506 359 543 obsitum
388 512 424 543 et
454 510 701 557 punctatum;
732 507 774 553 4)
806 506 982 542 tibiarum
1013 508 1245 557 posticarnm
1269 509 1414 558 apicem
1435 511 1615 547 incrassa-

91 574 171 606 tum
202 573 239 606 et
268 574 390 606 tarsos
420 569 592 619 posticos
622 569 932 609 robustissimos:
968 570 1008 617 5)
1040 570 1194 608 cellulas
1223 572 1365 608 alarum
1387 575 1617 622 posteriores

91 645 223 669 omnes
254 631 332 669 late
361 638 524 682 apertas.

197 695 373 734 Alterum
417 696 553 732 horum
590 696 986 747 Dasypogoninorum
1031 711 1149 746 genus
1190 697 1284 735 illud
1323 703 1397 737 est.
1441 701 1540 749 quod
1579 701 1615 735 in

92 759 204 796 Ceut.
235 758 317 796 Vll.
351 760 556 809 Pygostoli
592 760 748 796 nomine
778 759 930 796 condidi
963 765 1000 796 et
1030 762 1129 798 notis
1160 762 1326 799 breviter
1355 763 1530 799 indicatis
1561 762 1616 798 tir-

93 823 205 860 mavi.
261 821 414 871 Quum,
444 822 546 873 quod
576 822 786 860 Schincrus
815 826 918 859 recte
951 824 1065 868 vidit‚
1102 825 1138 860 in
1170 827 1323 862 nomine
1352 825 1527 875 fingendo
1559 838 1617 861 ne-

93 886 277 936 glexerim
308 885 352 922 ab
383 885 563 935 Halidajo
594 887 666 935 jam
699 886 1078 936 Hymenopterorum
1107 902 1223 939 genus
1253 890 1509 939 I’ygoslolnm
1540 902 1618 925 esse

97 948 345 1000 appellatum,
375 963 445 1000 pro
476 963 561 987 meo
594 950 810 1001 Pygoslolo
837 949 1069 995 „Nicoclesfl
1102 952 1319 1001 ponendum
1352 957 1420 991 est.
1449 966 1524 1002 qno
1555 966 1618 988 no-

93 1014 195 1051 mine
212 1012 470 1050 Jaennickeus
500 1013 575 1062 jam
604 1014 770 1064 speciem
800 1012 991 1062 quandam
1015 1014 1250 1052 Mexicanam
1273 1016 1482 1065 descripsit.
1540 1014 1620 1051 lloc

94 1089 212 1127 genus
247 1089 265 1112 a
297 1075 509 1126 Macquarti
541 1077 862 1127 Brachyrkopalci
892 1076 1018 1127 (Dipt.
1058 1082 1159 1115 oxot.
1190 1078 1324 1129 Suppl.
1358 1079 1419 1126 ll.)
1450 1091 1524 1114 non
1555 1078 1619 1114 dis-

95 1141 194 1178 ferre
221 1139 433 1177 Seliinerus
464 1141 657 1191 opinatur.
716 1143 767 1178 At
788 1142 823 1177 in
846 1154 890 1178 eo
912 1141 1007 1177 mire
1027 1145 1139 1178 errat.
1196 1141 1290 1178 Nam
1313 1154 1428 1190 quum
1453 1142 1619 1189 Brachy-

93 1205 278 1253 rhopalae
306 1203 495 1241 abdomen
528 1204 697 1241 breviter
722 1203 912 1240 clavatum
935 1205 956 1240 i.
982 1218 1011 1241 e.
1033 1205 1100 1241 sub
1123 1205 1266 1254 apicem
1289 1206 1457 1253 undique
1478 1205 1619 1240 ambitu

97 1272 250 1306 auctum
281 1267 344 1314 sit,
373 1269 410 1304 in
442 1268 671 1318 Pygostolis
698 1281 726 1305 s.
758 1267 984 1303 Nicocle'bus
1008 1267 1196 1304 abdomen
1225 1268 1363 1304 sensim
1387 1272 1422 1304 et
1445 1267 1622 1303 distincte

97 1332 251 1383 quidem
273 1331 435 1377 latescit,
455 1332 521 1369 sed
544 1331 686 1381 ubique
706 1331 972 1381 planissimum
989 1336 1130 1377 manet,
1150 1343 1262 1379 quam
1281 1330 1620 1367 conformationem

97 1392 182 1445 (juis
210 1408 376 1445 unquam
407 1394 594 1432 clavatam
624 1395 751 1431 dicet?
780 1394 943 1431 Videtur
969 1394 1178 1430 Seliinerns
1209 1394 1500 1442 descriptionem
1526 1394 1620 1428 Bra-

98 1460 352 1508 chyrhopalae
381 1458 481 1509 apud
515 1457 780 1507 Macquartum
811 1470 888 1494 non
918 1458 962 1494 ad
986 1456 1100 1493 finem
1127 1470 1245 1505 usque
1264 1457 1486 1506 perlegisse:
1516 1456 1625 1493 aliter

99 1524 202 1560 enim
239 1522 372 1559 videre
405 1520 588 1566 debebat,
628 1522 971 1570 Brachyrlnopalae
1006 1520 1194 1557 abdomen
1234 1520 1399 1556 breviter
1434 1520 1622 1556 clavatum

100 1587 312 1635 (abdomen
346 1586 365 1622 a
396 1590 529 1622 courte
558 1584 725 1631 massue)
755 1584 964 1634 adsignari„
1001 1583 1112 1633 quale
1142 1584 1380 1633 I'ygostolus
1409 1583 1519 1632 plane
1548 1596 1622 1619 non

99 1650 236 1694 haben
272 1649 363 1700 quid
402 1649 505 1698 quod
538 1649 661 1698 ipsum
693 1648 1033 1697 Brachyrliopalae
1066 1660 1204 1684 nomen
1237 1646 1332 1682 lianc
1363 1651 1535 1682 naturam
1566 1646 1622 1681 ab·

99 1713 263 1750 dominis
285 1713 469 1750 denotat?
492 1710 536 1748 Et
557 1724 672 1762 quam
694 1724 846 1749 causam
870 1711 1040 1748 babuerit
1060 1710 1266 1747 Seliinerus
1286 1714 1473 1760 perpetuo
1494 1709 1623 1746 ..Bru-

99 1777 357 1826 cliyrlmpola‘·
386 1774 593 1821 scribendi,
624 1775 818 1825 explicent
850 1775 925 1811 alii.
980 1774 1223 1822 Macquartns
1254 1777 1445 1822 praeterea
1468 1771 1512 1808 de
1534 1772 1625 1807 t'acie

99 1840 214 1884 nuda,
244 1843 418 1888 mystacc
446 1837 624 1888 simplici.v
654 1843 908 1875 antennarum
939 1837 1041 1887 stylo
1061 1836 1321 1873 snbobsoleto.
1351 1834 1486 1872 venula
1510 1839 1624 1871 trans-

99 1904 206 1940 versa
250 1904 287 1940 in
333 1903 456 1952 primo
493 1902 653 1939 cellulae
690 1902 907 1939 discoidalis
944 1902 1083 1938 triente
1123 1901 1242 1946 posit-:i
1282 1899 1462 1948 loquitur.
1531 1897 1624 1934 Num

101 1966 285 2017 potuisset
324 1967 375 2002 ita
412 1965 630 2003 describere
660 1966 867 2016 Pygosloli
898 1963 1107 2012 (Nicoclis)
1139 1967 1257 1999 totam
1290 1962 1421 1998 faciem
1453 1961 1626 2011 pilosam.

101 2033 311 2079 mystacem
341 2029 428 2066 idco
458 2042 534 2065 non
565 2029 796 2078 simplicem‚
830 2028 974 2078 stylum
1005 2032 1255 2063 antennarum
1287 2025 1626 2061 distinctissiunnn.

101 2092 279 2129 venulam
316 2097 572 2130 transversam
605 2093 640 2128 in
672 2092 810 2128 ultimo
841 2090 1000 2128 cellulae
1029 2089 1244 2126 discoidalis
1276 2089 1415 2124 triente
1445 2087 1504 2122 vel
1535 2088 1628 2123 adeo

101 2156 198 2193 ultra
230 2156 486 2193 collocatam?
524 2155 703 2205 Denique
741 2155 1081 2204 Bracliyrliopalae
1119 2152 1203 2187 tarsi
1234 2151 1347 2187 antici
1379 2151 1626 2186 robustissimi

100 2224 207 2265 sunt,
245 2220 360 2269 pedes
398 2220 536 2269 postici
566 2233 643 2256 non
675 2218 861 2267 elongati;
890 2217 1126 2268 Pygoseolns
1164 2214 1278 2265 pedes
1308 2215 1474 2264 posticos
1515 2213 1624 2249 liatwt

100 2284 298 2334 elongatos
335 2296 421 2320 cum
459 2283 570 2319 tarsis
607 2282 702 2318 mire
743 2281 927 2317 robustis.
964 2293 1079 2328 quum
1119 2278 1255 2328 pedum
1294 2278 1505 2313 anticorum
1543 2290 1627 2312 con-

100 2347 281 2384 formatio
316 2348 361 2383 sit
399 2346 604 2383 ordinaria.
667 2344 787 2381 'santa
826 2343 1085 2380 discriminum
1124 2342 1236 2378 series
1275 2341 1626 2388 Bruchyrlmpalnm

103 2415 140 2447 et
174 2411 426 2460 Pygostolnm
458 2410 494 2446 in
525 2422 643 2446 unum
674 2420 792 2457 genus
823 2406 1000 2455 conjungi
1033 2405 1244 2441 certissime
1274 2404 1397 2439 vetat!

207 2472 381 2510 Tertium
426 2472 562 2510 horum
602 2472 994 2521 Dasypogoniuorwn
1034 2481 1152 2517 genus
1193 2467 1227 2503 id
1266 2471 1342 2503 est.
1386 2466 1486 2513 qnod
1530 2465 1631 2499 Bina·

102 2536 195 2574 mihi
228 2537 349 2574 audit.
407 2536 438 2574 A
473 2536 683 2572 Taractiro
714 2539 863 2584 practer
893 2536 1002 2582 capnt
1038 2532 1151 2567 latius
1182 2530 1471 2580 depressinsqiw
1503 2528 1630 2563 ‹listin-

102 2602 231 2650 guitur
267 2604 520 2636 antennarum
558 2599 746 2635 brevitate
782 2601 815 2633 et
855 2596 972 2632 formai
1013 2595 1125 2643 longe
1163 2594 1256 2629 alifi.
1294 2592 1435 2640 qnippe
1471 2603 1630 2639 «piarum

103 2663 284 2700 articulus
313 2663 456 2713 primns
489 2675 562 2697 non
593 2662 636 2696 sit
669 2659 836 2696 seeundo
869 2658 990 2695 multo
1012 2657 1179 2707 longior.
1214 2655 1278 2692 sed
1310 2654 1440 2691 eadem
1473 2667 1556 2688 vum
1588 2667 1631 2687 eo

1324 2718 1368 2752 ts
