1752 2978
573 121 776 157 Americue
805 124 1132 170 septentrionalis.
1535 123 1610 164 133

78 223 293 261 Scutellum
324 228 474 274 praeter
504 224 623 261 basim
654 225 790 262 rufum.
850 225 1052 263 Abdomen
1080 231 1208 264 totum
1237 227 1403 278 nigrum,
1432 229 1608 278 margini-

80 286 152 323 bus
181 285 405 322 lateralibus
435 286 706 336 fulvo-pilosis,
736 288 826 338 pilis
856 293 982 325 tamen
1014 290 1130 339 nigris
1158 291 1196 327 in
1218 295 1507 341 segmentorum
1533 292 1606 329 sin-

78 348 255 399 gulorum
285 349 433 399 angulis
464 350 633 399 posticis.
692 350 921 387 Abdominis
951 352 1106 388 dorsum
1139 357 1262 390 totum
1292 353 1607 391 luteo-tomenlo-

76 424 175 456 sum,
202 411 320 448 latera
349 425 478 449 versus
509 412 595 462 pilis
626 413 738 449 luteis
767 417 805 449 et
835 413 870 448 iu
901 418 1188 463 segmentorum
1218 416 1444 454 ultimorum
1474 417 1607 468 margi-

77 474 188 510 nibus
225 475 381 522 posticis
421 474 507 523 pilis
543 475 660 524 nigris
690 476 933 513 instructum.
991 476 1136 514 Venter
1164 478 1289 529 niger,
1318 483 1606 529 segmentorum

77 537 312 587 marginibus
343 538 500 586 posticis
531 537 681 587 pallidis
710 543 743 574 et
777 538 863 587 pilis
892 539 1006 575 luteis
1039 552 1226 590 aspersus.
1284 540 1404 578 Pedes
1435 543 1606 589 testacei,

73 599 265 636 femorum
294 601 513 637 anticorum
545 601 706 636 dimidio
738 600 875 646 basali7
915 600 1016 638 tibiis
1046 603 1183 639 aulicis
1212 608 1365 652 praeter
1393 603 1530 651 basim,
1560 605 1604 641 ti-

75 662 146 700 biis
176 664 333 712 reliquis
362 664 545 699 adversus
575 665 722 712 apicem
754 664 941 712 tarsis-que
969 664 1150 702 omuibus
1187 666 1277 702 lotis
1306 666 1435 715 nigris.
1508 667 1605 705 Alae

75 739 123 763 ex
153 726 470 771 fusco-cinereae,
499 725 577 762 basi
609 738 726 774 usque
756 727 792 762 in
823 725 1001 762 cellulam
1032 726 1280 765 discoidalem
1309 732 1348 764 et
1367 729 1523 766 dimidio
1543 742 1604 768 co-

74 789 161 826 slali
193 801 312 836 usque
342 789 386 824 ad
420 801 538 824 venae
574 790 711 825 tertiae
740 790 1016 825 anastomosim
1050 790 1306 838 inaequaliter
1333 791 1468 837 fuscis,
1508 794 1603 830 vena

75 851 194 888 basali
223 850 385 888 cellulae
415 852 636 900 posterioris
672 853 863 888 secundae
894 853 1075 901 venisque
1103 853 1141 889 in
1172 854 1381 903 marginem
1413 855 1602 904 posticum

73 914 371 952 excurrentibus
403 918 556 963 praeler
584 914 819 963 singularum
856 916 1002 965 apicem
1039 915 1170 953 colore
1203 917 1309 953 fusco
1337 916 1415 953 late
1443 917 1602 954 circum-

73 977 187 1022 fusis3
218 990 336 1014 venae
365 976 541 1012 similiter
570 981 686 1025 atque
717 978 753 1013 in
783 977 921 1014 Anthr.
955 978 1130 1026 Alcyone
1160 978 1240 1028 Say
1271 980 1427 1017 ductae.
1464 979 1602 1016 venula

72 1041 174 1077 enim
204 1040 438 1089 appeudieea
469 1051 488 1074 a
520 1039 655 1075 cellula
686 1040 886 1076 (liscoidali
908 1042 944 1077 in
966 1040 1145 1077 cellulam
1167 1041 1422 1091 posleriorem
1452 1042 1602 1079 tertiam

75 1103 201 1147 missa,
231 1103 326 1139 baec
355 1101 492 1138 cellula
523 1115 613 1138 vcro
644 1102 805 1151 integra.
836 1116 912 1139 non
944 1107 980 1139 ut
1010 1104 1047 1139 in
1078 1103 1215 1140 Anthr.
1245 1103 1424 1152 Alcyone
1452 1104 1491 1140 in
1519 1117 1602 1154 par-

72 1171 130 1203 tes
158 1165 251 1202 duas
282 1165 415 1201 divisa.
462 1164 609 1201 Venula
639 1165 857 1202 adventicia
887 1165 1080 1202 interdum
1110 1165 1229 1210 deest,
1257 1166 1452 1202 interdum
1483 1167 1521 1203 in
1541 1179 1602 1203 ve-

73 1241 161 1266 nam
192 1227 461 1265 intercalarem
492 1228 674 1264 excurrit.
707 1249 754 1253 —-
785 1227 1082 1277 (samaulipas.)

178 1343 240 1380 30.
272 1344 498 1379 Anthrax·
528 1342 668 1391 Ceyx„
701 1355 790 1379 nov.
818 1356 874 1392 sp.
907 1340 955 1383 (ἶ.
996 1367 1041 1370 —-
1085 1342 1232 1393 IVz'g-ro,
1264 1356 1401 1392 opaca.
1432 1349 1602 1380 tomento

68 1408 235 1457 pilisque
261 1408 453 1456 plerisque
481 1405 742 1453 Iuleo-fuscis7
770 1406 864 1454 pilis
892 1407 1050 1455 reliqui-5
1078 1410 1229 1456 uigris;
1258 1407 1341 1441 ulae
1369 1407 1507 1442 venula
1534 1408 1602 1442 acl-

72 1473 240 1506 ventu-ici
270 1485 294 1504 a
322 1470 457 1504 eellulci
487 1469 690 1503 diseoidali
728 1473 766 1502 in
792 1473 1045 1517 posteriorem
1073 1474 1227 1504 tertium
1253 1472 1434 1516 porrecta
1461 1470 1602 1505 instru-

69 1540 175 1578 ctae:
203 1533 403 1568 diniidium
432 1532 559 1566 hasale
576 1532 671 1580 sere
707 1536 829 1567 {olum
866 1538 899 1567 el
936 1532 1079 1567 costale
1112 1537 1268 1580 praeter
1296 1535 1441 1579 opis-em
1471 1536 1601 1581 nigra.

70 1597 184 1643 hujus
214 1600 352 1631 trIenle
380 1595 504 1629 medio
535 1598 573 1629 in
590 1593 756 1643 fuscum
787 1601 976 1644 vergente.
1004 1595 1154 1644 reliqua
1181 1595 1245 1629 ala
1263 1595 1601 1642 cinereo-hyalino,

69 1659 193 1695 limbis
220 1663 349 1708 nigris
377 1670 558 1693 venarum
589 1658 756 1692 omnium
786 1658 877 1693 [alis
905 1656 1265 1706 subcmgsluentibu-S.
1284 1677 1332 1683 —
1353 1654 1472 1705 Long.
1493 1669 1598 1707 corp.

69 1723 94 1759 6
122 1722 202 1759 lin..
232 1720 350 1769 Long.
380 1719 427 1756 al.
459 1720 626 1768 745—7}
658 1719 721 1757 lin.

178 1793 364 1831 Anthi-aei
393 1792 561 1841 Alcyoni
593 1792 673 1841 Say
710 1792 925 1836 simillima„
959 1793 1024 1829 sed
1060 1792 1230 1841 corporis
1259 1790 1391 1827 colore
1420 1794 1459 1828 et
1486 1792 1600 1829 vesti-

71 1863 203 1896 mento
233 1857 469 1897 obscuriore,
498 1854 565 1890 alis
595 1854 805 1891 latioribus.
834 1853 1057 1891 cellularum
1087 1854 1347 1904 posteriorum
1377 1853 1490 1890 discis
1519 1853 1598 1890 lim-

70 1920 283 1972 pidioribus
319 1924 357 1956 et
393 1917 535 1955 cellula
564 1918 778 1966 posteriore
810 1918 918 1953 {ertia
956 1917 1107 1967 integra
1142 1916 1304 1952 diversa.
1364 1915 1494 1952 Facies
1526 1928 1598 1952 ina·

70 1984 125 2033 gis
155 1982 302 2026 conica„
334 1982 418 2030 pilis
448 1979 626 2017 omnibus
657 1980 784 2028 nigriqu
816 1980 921 2015 ssavis
951 1992 1107 2029 prorsus
1145 1978 1270 2014 nullis.
1326 1977 1398 2013 Pili
1429 1977 1598 2014 thoracis

70 2059 149 2082 non
178 2045 285 2087 lutei.v
315 2045 379 2081 sed
413 2042 646 2079 luteo-fusci.
677 2042 713 2078 in
745 2043 979 2091 marginibus
1000 2040 1220 2077 lateralibus
1241 2045 1274 2077 el
1307 2052 1427 2089 prope
1454 2039 1598 2076 alarum

71 2109 190 2145 basim
222 2108 356 2156 magna
389 2119 434 2143 ex
468 2110 574 2155 parte
605 2105 713 2155 nigri.
779 2104 1007 2141 Abdominis
1038 2103 1104 2153 pili
1136 2103 1229 2152 nigri
1261 2103 1386 2138 minus
1416 2102 1501 2138 rari.
1531 2102 1598 2152 pili

71 2172 209 2220 reliqui
241 2175 276 2207 et
315 2173 532 2206 tomentum
571 2167 840 2204 fulvo-fusca.
899 2166 1043 2203 Venter
1071 2164 1364 2215 nigro-fuscus.
1423 2163 1518 2201 Alae
1544 2166 1599 2202 ni—

69 2247 178 2284 grae„
213 2235 321 2284 apice
357 2235 396 2268 et
430 2230 590 2267 dimidio
620 2231 833 2280 posteriore
870 2233 1022 2280 praeter
1057 2226 1215 2264 cellulas
1245 2225 1389 2262 basales
1418 2229 1457 2262 et,
1485 2238 1600 2277 angu-

70 2298 149 2334 lum
178 2296 376 2333 axillarem
407 2293 758 2342 cinereo-hyalinis,
791 2293 896 2329 venis
927 2297 1052 2327 tamen
1077 2289 1253 2326 omnibns
1285 2288 1359 2323 late
1389 2288 1598 2338 nigro-lim-

69 2360 186 2397 batis2
215 2357 361 2394 dimidii
400 2356 556 2392 costalis
594 2356 709 2391 triens
741 2354 887 2390 medius
916 2354 1062 2390 snscus.
1103 2351 1199 2386 vena
1232 2352 1448 2388 lransvers&
1476 2352 1598 2388 media

70 2427 109 2459 et
138 2421 213 2457 ima
245 2432 362 2455 venae
390 2418 581 2455 secundae
611 2418 686 2454 basi
719 2415 1068 2462 alre-marginalis.
1134 2413 1252 2450 Pedes
1290 2426 1402 2461 quam
1433 2413 1597 2451 Anthra-

70 2485 125 2522 cis
158 2483 342 2533 Alcyouis
372 2480 449 2528 Say
483 2481 746 2517 obscuriores.
779 2480 885 2514 tarsis
915 2478 1050 2514 aulicis
1080 2475 1317 2513 tenuioribus
1348 2479 1381 2510 el
1416 2476 1596 2524 longiori—

72 2548 153 2584 bus.
184 2568 232 2573 --
262 2544 482 2593 (Virgiuia.)

1270 2793 1337 2828 10*
