1752 2978
549 109 754 144 Amor-icae
780 113 1102 159 septentrionalis.
1511 118 1581 154 147

52 222 163 247 scure
199 211 375 255 testacei,
409 210 594 249 articulus
630 214 767 250 tertius
804 213 1086 262 breviusenlus,
1123 222 1278 262 ovatus,
1308 217 1438 267 niger.
1476 220 1580 267 stylo

53 272 203 322 aequali
234 273 460 317 instructus;
492 275 690 323 proboscis
713 277 852 323 brevis,
884 277 989 313 labro
1011 279 1144 328 capitis
1166 278 1447 329 longitudinem
1468 282 1581 331 paulo

54 336 251 380 vincente,
288 336 410 385 piceo.
474 336 661 374 Thoracis
691 338 847 375 dorsum
878 352 924 376 ex
961 340 1151 388 chalybeo
1181 342 1390 387 virescens,
1425 344 1581 393 pleurae

54 398 360 448 nigro-piceae,
390 412 545 450 opacae,
576 404 664 436 ante
694 400 838 437 alarum
869 401 989 438 basim
1020 402 1229 451 chalybeae
1258 407 1295 440 et
1324 405 1485 451 nitidaeg
1513 407 1580 457 pili

53 465 141 498 ante
172 459 334 498 balteres
364 462 476 511 nigri.
533 461 652 498 Color
681 462 899 500 abdominis
934 477 980 500 cx
1012 464 1377 513 chalybeo-aeneus,
1406 468 1442 504 in
1472 470 1580 519 apice

52 522 268 560 abdominis
304 525 341 560 in
380 524 595 561 violaceum
635 529 815 562 mutatus.
873 525 1150 576 Ilypopygiuni
1181 540 1360 577 parvum,
1393 531 1578 578 clausum,

53 586 204 636 nigrum
234 591 272 623 et,
303 587 650 637 nigro-pilosulum,
678 593 878 637 segmento
910 588 1047 625 ultimo
1070 590 1215 626 ventris
1242 590 1430 629 fornicato
1460 598 1495 630 et
1526 594 1579 643 pi-

52 648 96 685 lis
127 649 242 700 nigris
274 650 415 686 vestito
446 649 661 694 suffultum3
692 649 865 687 lamellae
896 650 1073 687 laterales
1094 650 1244 696 breves,
1275 652 1423 690 lamella
1443 668 1579 705 supera

52 711 240 758 dissecta;
265 712 372 762 penis
402 716 570 762 opertus,
599 712 746 762 apicem
778 725 910 749 versus
941 714 1195 751 tenuissimus.
1251 713 1371 752 Pedes
1402 717 1578 768 nigro-pi-

53 774 125 819 cei,
156 774 434 825 nigro-pilosi,
472 775 709 812 anteriorum
747 774 958 811 semoribus
996 776 1030 811 in
1063 776 1203 813 triente
1231 777 1367 827 apicali
1397 779 1577 827 tibiisque

53 841 203 886 praeter
237 837 403 886 apicem,
442 838 679 888 posticarum
718 838 877 887 genibus
907 842 1178 886 tarsorumque
1207 840 1377 876 omnium
1407 841 1577 878 articulis

52 899 222 937 secundo
253 902 290 936 et
319 900 434 936 tertio
465 913 551 936 eum
581 901 688 950 apice
718 905 895 936 extremo
925 901 1038 950 primi
1067 904 1103 937 et
1133 913 1219 937 cum
1248 901 1321 937 ima
1351 904 1474 951 quarti
1498 903 1576 940 basi

53 962 176 999 dilute
204 961 505 1007 lutescentibus3
540 962 657 999 tibiae
693 963 906 999 anteriores
942 975 1105 1012 superne
1135 963 1220 1012 pilis
1250 963 1472 1010 ordinariis,
1500 967 1577 1015 api-

54 1037 136 1062 cem
176 1038 307 1061 versus
342 1025 429 1075 pilis
464 1025 693 1074 compressis
728 1024 902 1067 eiliatae;
937 1025 1133 1061 metatarsi
1165 1026 1379 1063 anteriores
1415 1041 1577 1077 superne

52 1088 224 1125 breviter
256 1088 433 1138 pennati3
479 1088 618 1137 pedum
662 1088 899 1137 posticorum
940 1085 1057 1123 tibiae
1095 1091 1131 1124 et
1165 1087 1310 1124 femora
1348 1100 1577 1139 compressa.

52 1150 140 1188 illae
175 1162 342 1200 superne
376 1154 587 1199 pennatae,
617 1149 715 1186 infra
745 1149 832 1199 pilis
863 1148 1044 1185 consertis
1074 1149 1247 1195 ciliatae,
1275 1150 1370 1187 haec
1397 1152 1577 1203 utrinque

51 1218 230 1265 pennata.
285 1212 457 1250 Halteres
487 1212 727 1262 nigro-susci.
798 1211 892 1248 Alae
921 1225 1015 1262 pure
1045 1211 1238 1261 hyalinae,
1268 1212 1348 1249 basi
1374 1212 1578 1262 limbisque

52 1281 182 1314 costae
211 1280 250 1313 et
277 1274 439 1312 cellulae
477 1275 696 1311 discoidalis
731 1274 926 1311 latissimis
957 1274 1091 1324 nigris,
1127 1274 1179 1310 ita
1208 1278 1249 1310 ut
1278 1279 1431 1324 praeter
1459 1276 1576 1313 trian—

51 1339 184 1390 gulum
214 1338 305 1375 inde
333 1349 353 1373 a
384 1338 553 1387 margine
582 1337 733 1374 axillari
770 1349 890 1386 usque
927 1335 973 1373 ad
1010 1348 1146 1373 venam
1176 1341 1351 1385 quartam
1381 1339 1577 1387 pertinens

53 1407 92 1440 et
121 1406 274 1452 praeter
302 1400 492 1437 maculam
522 1399 683 1438 cellulae
713 1398 945 1443 discoidalis,
975 1399 1104 1435 antico
1126 1398 1237 1449 hujus
1267 1400 1427 1449 margini
1456 1401 1578 1438 conti-

51 1478 178 1516 guam,
207 1463 368 1501 cellulae
397 1463 633 1513 posteriores
661 1463 810 1513 primae
840 1466 916 1499 tres
949 1461 1129 1512 hyalinae
1159 1462 1248 1507 sint,
1277 1461 1422 1511 primae
1450 1467 1577 1500 tamen

52 1528 212 1565 dimidio
242 1525 360 1564 basali
389 1526 700 1575 reliquarumque
720 1524 798 1562 basi
820 1525 1003 1574 exceptis.
1060 1524 1166 1560 Vena
1196 1523 1486 1573 longitudinalis
1504 1529 1577 1562 ter·

52 1592 104 1628 tia
139 1594 293 1641 praeter
327 1588 516 1626 ramulum
551 1588 802 1631 anteriorem,
833 1586 1190 1637 perpendicularem
1222 1589 1260 1621 et
1288 1584 1576 1631 subrecurvum‚

52 1652 242 1691 ramulum
271 1650 435 1688 alterum
465 1649 621 1687 brevem
650 1650 686 1686 in
718 1648 896 1685 cellulam
926 1650 1178 1699 posteriorem
1209 1648 1367 1696 primam
1397 1648 1527 1693 mittit,
1554 1662 1575 1685 a

52 1716 148 1754 vena
178 1713 394 1752 transversa
424 1712 550 1749 media
580 1717 618 1750 et
646 1713 692 1749 ab
723 1711 806 1748 alae
835 1712 942 1761 apice
972 1722 1092 1758 aeque
1111 1710 1336 1753 distantem,
1365 1709 1500 1746 cellula
1520 1712 1573 1747 di-

51 1778 232 1816 scoidalis
262 1777 349 1823 lata,
379 1775 534 1825 oblique
563 1779 757 1819 truncata3
793 1785 890 1810 vena
927 1771 1212 1822 longitudinalis
1247 1775 1381 1819 quarta
1410 1776 1448 1808 et
1478 1786 1575 1810 vena

53 1840 289 1879 intercalaris
325 1843 479 1883 tenues,
514 1842 604 1874 ante
637 1837 718 1873 alae
752 1836 960 1885 marginem
999 1837 1281 1871 evanescentes.
1311 1855 1361 1860 —
1394 1834 1575 1881 (mexico,

54 1903 210 1955 Deppe3
240 1902 336 1939 Mus.
367 1900 513 1948 Berol.)

158 2018 220 2056 56.
264 2017 429 2066 Empis
456 2017 640 2060 suavis,
669 2027 756 2051 nOV.
786 2026 841 2064 sp.
889 2011 930 2052 Ω.
980 2033 1025 2038 -
1074 2011 1229 2050 Nitida.
1258 2013 1357 2048 laete
1383 2012 1574 2061 chalyben,

53 2083 225 2119 thoracis
253 2081 368 2116 dorso
395 2084 550 2128 praeter
579 2082 792 2128 marginem
819 2080 1011 2126 posticum
1040 2076 1176 2119 viv-Idi,
1213 2080 1392 2111 antennis
1419 2075 1574 2110 halleri-

52 2145 193 2195 busque
219 2147 363 2193 nigris,
391 2142 465 2178 alis
491 2154 588 2189 pure
615 2141 793 2190 hyalinis.
823 2159 873 2166 —-
903 2137 1022 2188 Long.
1054 2151 1156 2188 corp.
1192 2139 1235 2185 l}
1266 2137 1351 2182 lin.,
1379 2135 1500 2187 Long.
1527 2137 1572 2173 al.

55 2208 128 2254 11⁷3
159 2206 224 2242 lin.

161 2278 278 2314 Frons
307 2282 343 2312 et
374 2276 489 2313 facies
509 2289 556 2311 cx
578 2275 767 2324 chalybeo
789 2274 939 2317 virides,
970 2272 1131 2316 nitidae,
1161 2272 1310 2321 occiput
1333 2270 1575 2320 chalybeum,

52 2342 205 2379 modice
235 2341 370 2376 nitens.
428 2338 633 2374 Antennae
661 2338 803 2387 nigrae.
832 2335 995 2371 articulo
1026 2335 1150 2384 primo
1180 2333 1433 2383 longiusculo,
1463 2335 1575 2370 tertio

53 2407 182 2448 ovato,
210 2403 290 2440 sets
320 2414 366 2437 eo
396 2399 590 2443 breviore3
625 2400 824 2448 proboscis
863 2399 985 2447 capite
1023 2396 1138 2446 paulo
1175 2396 1336 2446 longior.
1393 2394 1575 2431 Thoracis

51 2467 207 2503 dorsum
237 2463 371 2507 viride,
400 2462 580 2505 nitidum,
610 2463 778 2510 margine
808 2460 958 2509 postico
988 2459 1188 2508 clnalybeo.
1244 2457 1458 2494 Scutellurn
1490 2457 1573 2493 cba-

53 2528 224 2578 lybeum.
281 2525 441 2562 Pleurae
470 2523 762 2573 piceo-nigrae,
797 2527 884 2558 ante
920 2520 1065 2557 alarum
1105 2521 1225 2558 basim
1255 2520 1396 2556 virides
1425 2523 1459 2555 et
1493 2519 1575 2554 niti-

52 2590 133 2628 dae.
191 2589 390 2627 Abdomen
430 2584 741 2629 crassiusculum,
778 2584 876 2620 laete
906 2583 1155 2633 chalybeum,
1184 2583 1358 2619 nitidum.
1418 2581 1575 2616 Femora

51 2654 174 2703 picea,
201 2656 376 2690 extremo
406 2649 513 2698 apice
533 2646 700 2691 luteolo;
729 2646 846 2682 tibiae
867 2644 1110 2683 lutescentes.
1139 2646 1286 2695 apicem
1316 2656 1444 2681 versus
1464 2642 1577 2692 paulo

50 2714 313 2760 obscuriores,
349 2712 584 2763 posticarum
613 2709 720 2759 apice
751 2708 877 2750 susem
913 2709 1003 2745 tarsi
1033 2708 1148 2744 antici
1181 2706 1295 2750 fusci,
1324 2704 1494 2742 articulis
1524 2706 1574 2741 in-
