1752 2978
162 188 239 229 188
732 181 775 218 H
777 210 784 218 .
814 181 948 218 Loew:
979 180 1150 230 Diptera

268 294 332 333 38.
366 292 638 330 Trichonta
655 287 835 340 foeda,
865 300 954 325 nov.
985 301 1041 338 sp.
1077 288 1119 334 ῼ.
1169 309 1219 314 -
1265 287 1420 333 Fusca,
1450 292 1709 325 antennarum

160 361 256 406 basi,
283 359 403 407 facie,
434 357 606 392 thoracis
626 353 742 390 dorso
761 358 920 403 praeter
940 356 1060 389 vittas
1081 352 1321 397 ordinarias,
1351 351 1578 399 baller-ibus,
1600 356 1710 389 coxis

158 423 390 475 pedibusque
415 421 548 466 flavis,
585 419 797 470 segmentis
833 416 1140 454 abdominalibus
1175 417 1346 467 singulis
1374 417 1560 454 adversus
1589 417 1710 454 basim

160 488 314 525 sordide
352 482 644 529 latesceneibus,
680 483 899 533 pedunculo
936 482 1095 519 cellulae
1127 485 1360 532 posterioris
1395 487 1559 533 quartae
1596 496 1711 534 quam

158 556 326 602 primum
355 562 472 585 venae
501 553 664 599 quartae
691 552 931 598 segmentum
968 546 1088 582 mullo
1117 546 1306 597 longiore.
1353 566 1404 572 —
1451 545 1573 597 Long.
1602 559 1709 598 corp.

161 616 210 665 l}
241 614 322 660 lin.,
350 612 455 662 long.
485 611 533 650 al.
568 613 615 661 1}
644 611 713 648 lin.

265 688 391 739 Caput
421 686 754 738 nigro-fuscum,
784 684 883 723 facie
913 689 1041 722 tamen
1080 685 1332 731 ssavescente3
1365 688 1557 724 antennae
1586 687 1711 738 nigro-

158 755 301 800 fuscae,
330 764 446 803 scapo
477 751 691 801 primisque
727 748 871 801 flagelli
910 748 1085 786 articulis
1123 748 1231 786 ssavis
1261 748 1322 787 vel
1351 748 1487 796 luteis3
1520 749 1625 802 palpi
1656 750 1712 788 lu·

158 821 367 863 tescentes,
396 814 562 852 articulo
593 815 719 866 primo
751 818 788 852 et
818 818 995 851 extremo
1017 813 1168 851 articuli
1191 813 1319 851 ultimi
1348 814 1457 865 apice
1485 813 1713 865 plerumque

157 882 288 920 fuscis.
345 879 531 917 Thoracis
562 878 719 916 dorsum
748 878 957 923 ssavicans,
989 878 1097 915 vittis
1128 877 1252 915 tribus
1284 877 1549 930 nigro—fuscis,
1578 879 1713 917 latera-

160 946 259 984 libus
289 945 416 982 antice
446 943 560 981 valde
591 943 842 989 abbreviatis,
872 941 1104 980 intermedia
1142 942 1292 992 integra
1329 946 1367 979 et
1396 942 1583 981 adversus
1611 956 1712 981 mar·

159 1011 288 1061 ginem
317 1009 490 1046 anticum
521 1007 692 1044 thoracis
722 1006 896 1044 dilatata.
972 1004 1099 1044 Pubes
1130 1006 1257 1044 brevis
1287 1006 1388 1043 dorsi
1420 1012 1528 1045 certo
1557 1007 1713 1046 luminis

158 1074 236 1113 situ
266 1072 402 1124 magna
433 1085 481 1110 ex
512 1075 621 1122 parte
652 1069 890 1122 pallescens,
925 1070 1074 1108 setulae
1105 1082 1241 1108 omnes
1271 1069 1415 1121 nigrae.
1470 1071 1713 1110 Metanotum

160 1142 197 1176 et
227 1136 435 1175 scutellum
465 1136 584 1176 fusca,
614 1134 690 1172 hoe
719 1134 855 1172 setulis
887 1133 1165 1185 marginalibus
1190 1135 1308 1182 nigris
1327 1135 1581 1183 instructum,
1610 1136 1713 1188 pleu-

160 1214 224 1239 rae
252 1200 382 1238 fuscae
414 1200 472 1238 vel
502 1199 716 1237 subfuscae.
778 1198 1008 1236 Abdominis
1044 1198 1141 1236 fusci
1171 1204 1371 1251 segmenta
1401 1201 1550 1251 singula
1579 1202 1714 1240 adver·

159 1279 223 1304 sus
253 1265 375 1302 basim
406 1263 563 1301 sordide
593 1263 791 1301 lutescunt
822 1263 884 1300 vel
915 1263 1109 1300 ssavieant.
1188 1263 1323 1302 Coxae
1359 1268 1397 1302 et
1428 1264 1543 1315 pedes
1571 1265 1715 1317 pallide

159 1329 401 1373 flavieantes,
429 1328 541 1365 tarsis
563 1327 747 1365 adversus
770 1327 890 1365 basim
912 1326 1170 1378 nigro-fuscis.
1229 1327 1405 1367 Halteres
1426 1329 1574 1380 pallidi.
1619 1329 1715 1368 Alae

161 1394 359 1439 cinereae,
397 1391 580 1429 adversus
616 1396 762 1429 costam
793 1391 1123 1438 sublutescentes,
1160 1393 1268 1430 venis
1298 1392 1554 1431 validioribus
1583 1393 1714 1440 fuscis,

161 1455 401 1495 tenuioribus
430 1456 639 1501 subfusci53
671 1455 809 1494 cellula
840 1456 1035 1506 posterior
1056 1460 1193 1506 quarta
1216 1468 1332 1506 quam
1363 1457 1400 1494 in
1431 1458 1715 1509 congeneribus

160 1520 356 1573 plerisque
391 1520 569 1565 brevior,
607 1520 660 1557 ita
691 1524 732 1557 ut
763 1524 937 1558 extrema
968 1521 1051 1571 ejus
1089 1519 1186 1558 basis
1217 1519 1262 1557 ab
1292 1521 1375 1559 alae
1404 1521 1533 1560 radice
1562 1521 1713 1572 aequali

160 1583 371 1622 intervallo
403 1596 519 1633 quam
549 1583 649 1622 basis
680 1584 845 1622 cellulae
875 1584 1102 1637 posterioris
1122 1584 1316 1623 secundae
1335 1585 1465 1624 distet.
1483 1585 1714 1636 —(Midd1e

160 1647 323 1698 States.)

266 1764 329 1803 39.
374 1765 649 1816 Zygomyia
678 1765 939 1816 ignobili&
969 1778 1058 1803 nov.
1089 1779 1144 1817 sp.
1194 1767 1235 1812 Ω.
1285 1788 1332 1794 --
1381 1767 1532 1815 Fusca,
1570 1773 1714 1814 ventre,

160 1833 269 1866 coxis
304 1829 537 1881 pedibusque
572 1830 702 1876 slavis,
740 1830 816 1866 alis
851 1831 1126 1868 immaculatis.
1165 1853 1212 1857 —
1252 1829 1372 1883 Long.
1411 1845 1516 1884 corp.
1556 1833 1604 1882 l&
1632 1832 1714 1880 lin.,

160 1893 267 1944 long.
298 1893 344 1930 al.
380 1893 427 1942 l}
458 1894 523 1931 lin.

266 1967 400 2013 Fusca,
428 1968 637 2018 subopaca,
666 1967 756 2018 pilis
786 1968 969 2006 brevibus
999 1969 1189 2020 appressis
1210 1970 1331 2009 dilute
1351 1971 1623 2010 ssavicantibus
1652 1985 1716 2010 ve·

158 2031 264 2077 stita,
293 2030 426 2068 setulis
455 2034 585 2068 tamen
606 2032 643 2067 in
667 2033 813 2082 postica
836 2032 939 2069 dorsi
962 2039 1069 2083 parte
1095 2037 1132 2070 et
1153 2033 1192 2071 in
1213 2035 1368 2073 scutelli
1391 2036 1564 2087 margine
1587 2037 1714 2088 nigris.

159 2093 288 2145 Caput
308 2095 512 2141 concolor,
534 2107 672 2145 scapus
693 2099 950 2133 antennarum
973 2095 1104 2134 luteus
1125 2097 1185 2136 vel
1208 2099 1435 2147 ocbraceus,
1462 2100 1628 2138 articulo
1650 2102 1714 2139 ba-

160 2157 230 2195 sali
258 2172 439 2210 superne,
469 2158 665 2196 terminali
697 2159 734 2195 in
765 2164 943 2197 extremo
975 2160 1085 2210 apice
1116 2161 1251 2208 fuscis,
1288 2163 1483 2215 flagellum
1511 2165 1713 2203 fusco-ni-

160 2234 284 2271 grum,
312 2222 391 2260 ima
420 2227 573 2260 tantum
604 2222 757 2260 articuli
788 2223 901 2274 primi
923 2223 1001 2261 basi
1023 2223 1142 2262 lutea.
1188 2225 1382 2265 Lamellae
1412 2228 1541 2266 auales
1570 2228 1713 2275 fuscae,

161 2288 297 2322 venter
335 2286 559 2325 flavescens.
617 2286 750 2324 coxae
786 2291 824 2324 et
854 2287 971 2337 pedes
1002 2288 1123 2326 dilute
1162 2289 1434 2338 flavescentes,
1471 2292 1618 2330 femora
1649 2306 1711 2331 an·

160 2347 234 2384 tica
263 2361 429 2399 superne
459 2350 687 2397 obsoletius,
717 2352 933 2401 posteriora
968 2354 1178 2390 saturatius
1208 2355 1581 2404 subfusco-vittata3
1611 2371 1711 2409 apex

159 2410 299 2448 horum
328 2412 475 2459 fuscus,
518 2415 609 2451 tarsi
640 2414 824 2452 subfusci.
882 2414 1061 2454 Halteres
1091 2417 1238 2468 pallidi.
1299 2420 1394 2470 Alae
1422 2420 1710 2469 immaculatae,

160 2486 208 2512 ex
239 2474 392 2513 cinereo
420 2477 744 2525 sublutescentes,
776 2479 882 2517 venis
912 2480 1164 2519 validioribus
1194 2482 1324 2531 fuscis,
1354 2485 1597 2523 tenuioribus
1620 2485 1710 2524 sub-

159 2537 289 2575 fuscis.
322 2558 370 2563 —
399 2539 562 2587 (Middle
590 2541 753 2591 States.)

266 2654 328 2691 40.
360 2655 629 2706 Zygomyia
658 2665 854 2708 ornata,
885 2675 973 2699 nov.
1005 2676 1062 2714 sp.
1104 2660 1144 2705 ἅ
1173 2668 1212 2701 et
1241 2661 1282 2704 Ω,
1323 2687 1371 2692 -
1408 2666 1552 2712 Fusca,
1582 2667 1707 2705 hume-

159 2720 216 2753 ris
245 2722 576 2770 antennarumque
596 2721 678 2758 basi
695 2723 824 2767 luteis,
855 2730 964 2762 coxis
991 2727 1226 2779 pedibusque
1251 2729 1397 2778 pallide
1422 2730 1707 2779 llavicantibus,

161 2780 311 2817 alarum
340 2785 493 2820 macula
522 2786 686 2821 centrata·
715 2792 749 2823 et
769 2787 916 2838 fascia
949 2791 1167 2842 subapicalt'
1186 2792 1335 2844 fuscis.
1365 2816 1416 2822 —
1444 2791 1569 2846 Long.
1600 2807 1704 2847 corp.

162 2841 329 2892 l÷——l}
359 2845 439 2893 lin.,
469 2847 573 2900 long.
605 2847 650 2886 al.
683 2849 851 2901 1-1T¹‘2†
882 2852 948 2890 lin.
