<?xml version="1.0" encoding="UTF-8"?>
<!DOCTYPE html PUBLIC "-//W3C//DTD XHTML 1.0 Transitional//EN"
    "http://www.w3.org/TR/xhtml1/DTD/xhtml1-transitional.dtd">
<html xmlns="http://www.w3.org/1999/xhtml" xml:lang="en" lang="en">
 <head>
  <title>
</title>
<meta http-equiv="Content-Type" content="text/html;charset=utf-8" />
  <meta name='ocr-system' content='tesseract 3.04.00' />
  <meta name='ocr-capabilities' content='ocr_page ocr_carea ocr_par ocr_line ocrx_word'/>
</head>
<body>
  <div class='ocr_page' id='page_1' title='image "./dipteraamericaes00loew_0444.png"; bbox 0 0 1752 2978; ppageno 0'>
   <div class='ocr_carea' id='block_1_1' title="bbox 130 158 1098 208">
    <p class='ocr_par' dir='ltr' id='par_1_1' title="bbox 130 158 1098 208">
     <span class='ocr_line' id='line_1_1' title="bbox 130 158 1098 208; baseline -0.005 -8"><span class='ocrx_word' id='word_1_1' title='bbox 130 163 204 200; x_wconf 80' lang='lat'>162</span> <span class='ocrx_word' id='word_1_2' title='bbox 681 159 730 194; x_wconf 90' lang='lat' dir='ltr'>H.</span> <span class='ocrx_word' id='word_1_3' title='bbox 764 159 877 195; x_wconf 83' lang='lat' dir='ltr'>Loew</span> <span class='ocrx_word' id='word_1_4' title='bbox 885 172 897 193; x_wconf 89' lang='lat'>.·</span> <span class='ocrx_word' id='word_1_5' title='bbox 926 158 1098 208; x_wconf 77' lang='lat' dir='ltr'>Diptera</span> 
     </span>
    </p>
   </div>
   <div class='ocr_carea' id='block_1_2' title="bbox 228 262 1672 439">
    <p class='ocr_par' dir='ltr' id='par_1_2' title="bbox 228 262 1672 439">
     <span class='ocr_line' id='line_1_2' title="bbox 228 262 1671 314; baseline -0.003 -10"><span class='ocrx_word' id='word_1_6' title='bbox 228 267 329 304; x_wconf 85' lang='lat' dir='ltr'>libus</span> <span class='ocrx_word' id='word_1_7' title='bbox 359 278 433 302; x_wconf 92' lang='lat' dir='ltr'>non</span> <span class='ocrx_word' id='word_1_8' title='bbox 464 262 676 301; x_wconf 68' lang='lat' dir='ltr'>nitentibus</span> <span class='ocrx_word' id='word_1_9' title='bbox 704 267 740 300; x_wconf 86' lang='lat' dir='ltr'>et</span> <span class='ocrx_word' id='word_1_10' title='bbox 771 263 919 314; x_wconf 86' lang='lat' dir='ltr'>polline</span> <span class='ocrx_word' id='word_1_11' title='bbox 947 263 1038 301; x_wconf 93' lang='lat' dir='ltr'>albo</span> <span class='ocrx_word' id='word_1_12' title='bbox 1059 262 1216 301; x_wconf 91' lang='lat' dir='ltr'>lunulae</span> <span class='ocrx_word' id='word_1_13' title='bbox 1236 264 1362 301; x_wconf 87' lang='lat' dir='ltr'>minus</span> <span class='ocrx_word' id='word_1_14' title='bbox 1392 263 1569 301; x_wconf 79' lang='lat' dir='ltr'>conferto</span> <span class='ocrx_word' id='word_1_15' title='bbox 1601 264 1671 301; x_wconf 85' lang='lat' dir='ltr'>dis-</span> 
     </span>
     <span class='ocr_line' id='line_1_3' title="bbox 231 325 1672 378; baseline -0.001 -12"><span class='ocrx_word' id='word_1_16' title='bbox 231 330 319 375; x_wconf 68' lang='lat' dir='ltr'>fert,</span> <span class='ocrx_word' id='word_1_17' title='bbox 346 328 412 365; x_wconf 86' lang='lat' dir='ltr'>sed</span> <span class='ocrx_word' id='word_1_18' title='bbox 440 328 478 364; x_wconf 92' lang='lat' dir='ltr'>in</span> <span class='ocrx_word' id='word_1_19' title='bbox 509 325 665 375; x_wconf 83' lang='lat' dir='ltr'>reliquis</span> <span class='ocrx_word' id='word_1_20' title='bbox 696 328 799 363; x_wconf 85' lang='lat' dir='ltr'>notis</span> <span class='ocrx_word' id='word_1_21' title='bbox 828 326 1007 363; x_wconf 87' lang='lat' dir='ltr'>omnibus</span> <span class='ocrx_word' id='word_1_22' title='bbox 1033 339 1120 363; x_wconf 88' lang='lat' dir='ltr'>eum</span> <span class='ocrx_word' id='word_1_23' title='bbox 1150 327 1196 364; x_wconf 67' lang='lat' dir='ltr'>ea</span> <span class='ocrx_word' id='word_1_24' title='bbox 1216 328 1364 377; x_wconf 86' lang='lat' dir='ltr'>optime</span> <span class='ocrx_word' id='word_1_25' title='bbox 1394 327 1589 378; x_wconf 77' lang='lat' dir='ltr'>congruit,</span> <span class='ocrx_word' id='word_1_26' title='bbox 1618 328 1672 364; x_wconf 85' lang='lat' dir='ltr'>ita</span> 
     </span>
     <span class='ocr_line' id='line_1_4' title="bbox 231 388 1136 439; baseline -0.003 -11"><span class='ocrx_word' id='word_1_27' title='bbox 231 397 272 428; x_wconf 90' lang='lat' dir='ltr'>ut</span> <span class='ocrx_word' id='word_1_28' title='bbox 303 391 349 428; x_wconf 88' lang='lat' dir='ltr'>de</span> <span class='ocrx_word' id='word_1_29' title='bbox 378 389 514 427; x_wconf 62' lang='lat' dir='ltr'>eadem</span> <span class='ocrx_word' id='word_1_30' title='bbox 544 389 673 439; x_wconf 84' lang='lat' dir='ltr'>speeie</span> <span class='ocrx_word' id='word_1_31' title='bbox 703 388 883 427; x_wconf 84' lang='lat' dir='ltr'>dubitare</span> <span class='ocrx_word' id='word_1_32' title='bbox 913 390 979 426; x_wconf 84' lang='lat' dir='ltr'>vix</span> <span class='ocrx_word' id='word_1_33' title='bbox 1009 389 1136 427; x_wconf 84' lang='lat' dir='ltr'>liceat.</span> 
     </span>
    </p>
   </div>
   <div class='ocr_carea' id='block_1_3' title="bbox 123 491 1675 1439">
    <p class='ocr_par' dir='ltr' id='par_1_3' title="bbox 124 491 1672 672">
     <span class='ocr_line' id='line_1_5' title="bbox 229 491 1672 546; baseline -0.001 -12"><span class='ocrx_word' id='word_1_34' title='bbox 229 496 291 534; x_wconf 83' lang='lat'>88.</span> <span class='ocrx_word' id='word_1_35' title='bbox 340 496 620 546; x_wconf 74' lang='lat' dir='ltr'>Agromyza</span> <span class='ocrx_word' id='word_1_36' title='bbox 649 496 969 546; x_wconf 76' lang='lat' dir='ltr'>melampyga.</span> <span class='ocrx_word' id='word_1_37' title='bbox 1001 508 1089 533; x_wconf 89' lang='lat' dir='ltr'>nov.</span> <span class='ocrx_word' id='word_1_38' title='bbox 1119 508 1176 546; x_wconf 90' lang='lat' dir='ltr'>sp.</span> <span class='ocrx_word' id='word_1_39' title='bbox 1211 491 1251 536; x_wconf 70' lang='lat'>0⁷</span> <span class='ocrx_word' id='word_1_40' title='bbox 1281 499 1318 531; x_wconf 84' lang='lat' dir='ltr'>et</span> <span class='ocrx_word' id='word_1_41' title='bbox 1349 492 1391 534; x_wconf 70' lang='grc' dir='ltr'>Ω.</span> <span class='ocrx_word' id='word_1_42' title='bbox 1436 517 1485 521; x_wconf 83' lang='grc'>-</span> <span class='ocrx_word' id='word_1_43' title='bbox 1531 496 1672 541; x_wconf 84' lang='lat' dir='ltr'>Flava,</span> 
     </span>
     <span class='ocr_line' id='line_1_6' title="bbox 125 559 1672 610; baseline -0.001 -13"><span class='ocrx_word' id='word_1_44' title='bbox 125 565 290 610; x_wconf 76' lang='lat' dir='ltr'>occipite</span> <span class='ocrx_word' id='word_1_45' title='bbox 313 565 471 609; x_wconf 84' lang='lat' dir='ltr'>praeter</span> <span class='ocrx_word' id='word_1_46' title='bbox 503 563 735 609; x_wconf 74' lang='lat' dir='ltr'><em>marginem,</em></span> <span class='ocrx_word' id='word_1_47' title='bbox 763 559 940 595; x_wconf 77' lang='lat' dir='ltr'><em>thoracis</em></span> <span class='ocrx_word' id='word_1_48' title='bbox 969 562 1093 604; x_wconf 67' lang='lat' dir='ltr'>vittis,</span> <span class='ocrx_word' id='word_1_49' title='bbox 1122 563 1318 594; x_wconf 81' lang='lat' dir='ltr'>melanoto</span> <span class='ocrx_word' id='word_1_50' title='bbox 1346 563 1381 594; x_wconf 84' lang='lat' dir='ltr'>et</span> <span class='ocrx_word' id='word_1_51' title='bbox 1410 565 1582 595; x_wconf 69' lang='lat' dir='ltr'>extremo</span> <span class='ocrx_word' id='word_1_52' title='bbox 1610 559 1672 595; x_wconf 80' lang='lat' dir='ltr'>ab·</span> 
     </span>
     <span class='ocr_line' id='line_1_7' title="bbox 124 621 1655 672; baseline 0 -12"><span class='ocrx_word' id='word_1_53' title='bbox 124 625 291 661; x_wconf 72' lang='lat' dir='ltr'>dominis</span> <span class='ocrx_word' id='word_1_54' title='bbox 319 627 430 672; x_wconf 83' lang='lat' dir='ltr'><em>apice</em></span> <span class='ocrx_word' id='word_1_55' title='bbox 457 626 600 672; x_wconf 77' lang='lat' dir='ltr'>nigris.</span> <span class='ocrx_word' id='word_1_56' title='bbox 617 642 666 650; x_wconf 86' lang='lat'>—</span> <span class='ocrx_word' id='word_1_57' title='bbox 684 621 805 672; x_wconf 82' lang='lat' dir='ltr'>Long.</span> <span class='ocrx_word' id='word_1_58' title='bbox 827 635 934 672; x_wconf 85' lang='lat' dir='ltr'>corp.</span> <span class='ocrx_word' id='word_1_59' title='bbox 955 625 1072 671; x_wconf 59' lang='lat'>}—}</span> <span class='ocrx_word' id='word_1_60' title='bbox 1093 621 1173 667; x_wconf 78' lang='lat' dir='ltr'>lin..</span> <span class='ocrx_word' id='word_1_61' title='bbox 1202 621 1305 672; x_wconf 85' lang='lat' dir='ltr'>long.</span> <span class='ocrx_word' id='word_1_62' title='bbox 1327 621 1374 659; x_wconf 93' lang='lat' dir='ltr'>al.</span> <span class='ocrx_word' id='word_1_63' title='bbox 1400 622 1567 671; x_wconf 56' lang='lat' dir='ltr'>l—l-s¹3</span> <span class='ocrx_word' id='word_1_64' title='bbox 1588 622 1655 660; x_wconf 90' lang='lat' dir='ltr'>lin.</span> 
     </span>
    </p>

    <p class='ocr_par' dir='ltr' id='par_1_4' title="bbox 123 694 1675 1439">
     <span class='ocr_line' id='line_1_8' title="bbox 228 694 1672 746; baseline -0.001 -12"><span class='ocrx_word' id='word_1_65' title='bbox 228 696 362 742; x_wconf 77' lang='lat' dir='ltr'>Flava,</span> <span class='ocrx_word' id='word_1_66' title='bbox 389 695 468 733; x_wconf 81' lang='lat' dir='ltr'>fere</span> <span class='ocrx_word' id='word_1_67' title='bbox 497 694 722 746; x_wconf 76' lang='lat' dir='ltr'>sulphurea,</span> <span class='ocrx_word' id='word_1_68' title='bbox 752 695 961 732; x_wconf 79' lang='lat' dir='ltr'>abdomine</span> <span class='ocrx_word' id='word_1_69' title='bbox 992 694 1107 745; x_wconf 85' lang='lat' dir='ltr'>paulo</span> <span class='ocrx_word' id='word_1_70' title='bbox 1136 696 1346 732; x_wconf 77' lang='lat' dir='ltr'>salui-atius</span> <span class='ocrx_word' id='word_1_71' title='bbox 1367 695 1503 732; x_wconf 85' lang='lat' dir='ltr'>tincto.</span> <span class='ocrx_word' id='word_1_72' title='bbox 1558 694 1672 733; x_wconf 82' lang='lat' dir='ltr'>Occi-</span> 
     </span>
     <span class='ocr_line' id='line_1_9' title="bbox 123 758 1673 812; baseline -0.001 -14"><span class='ocrx_word' id='word_1_73' title='bbox 123 765 193 812; x_wconf 81' lang='lat' dir='ltr'>put</span> <span class='ocrx_word' id='word_1_74' title='bbox 222 763 389 810; x_wconf 81' lang='lat' dir='ltr'>excepto</span> <span class='ocrx_word' id='word_1_75' title='bbox 418 759 589 810; x_wconf 77' lang='lat' dir='ltr'>margine</span> <span class='ocrx_word' id='word_1_76' title='bbox 616 763 742 796; x_wconf 87' lang='lat' dir='ltr'>tolum</span> <span class='ocrx_word' id='word_1_77' title='bbox 772 760 951 809; x_wconf 72' lang='lat' dir='ltr'>nigrum⁷</span> <span class='ocrx_word' id='word_1_78' title='bbox 981 758 1173 807; x_wconf 88' lang='lat' dir='ltr'>reliquum</span> <span class='ocrx_word' id='word_1_79' title='bbox 1213 762 1332 809; x_wconf 83' lang='lat' dir='ltr'>caput</span> <span class='ocrx_word' id='word_1_80' title='bbox 1361 763 1489 795; x_wconf 89' lang='lat' dir='ltr'>totum</span> <span class='ocrx_word' id='word_1_81' title='bbox 1517 759 1673 805; x_wconf 79' lang='lat' dir='ltr'>ssavum,</span> 
     </span>
     <span class='ocr_line' id='line_1_10' title="bbox 123 820 1674 873; baseline -0.002 -11"><span class='ocrx_word' id='word_1_82' title='bbox 123 823 322 867; x_wconf 77' lang='lat' dir='ltr'>antennis,</span> <span class='ocrx_word' id='word_1_83' title='bbox 357 820 589 872; x_wconf 79' lang='lat' dir='ltr'>proboscide</span> <span class='ocrx_word' id='word_1_84' title='bbox 625 822 833 873; x_wconf 84' lang='lat' dir='ltr'>palpisque</span> <span class='ocrx_word' id='word_1_85' title='bbox 868 821 1155 859; x_wconf 79' lang='lat' dir='ltr'>concoloribus.</span> <span class='ocrx_word' id='word_1_86' title='bbox 1211 821 1401 859; x_wconf 83' lang='lat' dir='ltr'>Thoracis</span> <span class='ocrx_word' id='word_1_87' title='bbox 1431 821 1588 860; x_wconf 89' lang='lat' dir='ltr'>dorsum</span> <span class='ocrx_word' id='word_1_88' title='bbox 1617 823 1674 859; x_wconf 90' lang='lat' dir='ltr'>ni-</span> 
     </span>
     <span class='ocr_line' id='line_1_11' title="bbox 123 884 1674 939; baseline -0.001 -15"><span class='ocrx_word' id='word_1_89' title='bbox 123 888 407 939; x_wconf 75' lang='lat' dir='ltr'>gro-vittatum,</span> <span class='ocrx_word' id='word_1_90' title='bbox 438 884 537 921; x_wconf 68' lang='lat' dir='ltr'>vitta</span> <span class='ocrx_word' id='word_1_91' title='bbox 564 884 694 922; x_wconf 61' lang='lat' dir='ltr'>media</span> <span class='ocrx_word' id='word_1_92' title='bbox 722 885 895 935; x_wconf 78' lang='lat' dir='ltr'>aequali,</span> <span class='ocrx_word' id='word_1_93' title='bbox 932 885 1083 936; x_wconf 80' lang='lat' dir='ltr'>postiee</span> <span class='ocrx_word' id='word_1_94' title='bbox 1107 884 1239 922; x_wconf 87' lang='lat' dir='ltr'>subito</span> <span class='ocrx_word' id='word_1_95' title='bbox 1270 885 1440 937; x_wconf 67' lang='lat' dir='ltr'>abrupta.</span> <span class='ocrx_word' id='word_1_96' title='bbox 1467 890 1503 922; x_wconf 89' lang='lat' dir='ltr'>et</span> <span class='ocrx_word' id='word_1_97' title='bbox 1533 899 1603 936; x_wconf 88' lang='lat' dir='ltr'>per</span> <span class='ocrx_word' id='word_1_98' title='bbox 1631 885 1674 922; x_wconf 91' lang='lat' dir='ltr'>li-</span> 
     </span>
     <span class='ocr_line' id='line_1_12' title="bbox 124 947 1675 999; baseline -0.002 -11"><span class='ocrx_word' id='word_1_99' title='bbox 124 963 234 988; x_wconf 88' lang='lat' dir='ltr'>neam</span> <span class='ocrx_word' id='word_1_100' title='bbox 272 948 537 987; x_wconf 79' lang='lat' dir='ltr'><strong>tenuissimam</strong></span> <span class='ocrx_word' id='word_1_101' title='bbox 573 947 715 985; x_wconf 84' lang='lat' dir='ltr'>flavam</span> <span class='ocrx_word' id='word_1_102' title='bbox 755 949 944 994; x_wconf 67' lang='lat' dir='ltr'>dissecta,</span> <span class='ocrx_word' id='word_1_103' title='bbox 987 948 1094 985; x_wconf 83' lang='lat' dir='ltr'>villis</span> <span class='ocrx_word' id='word_1_104' title='bbox 1137 947 1361 985; x_wconf 66' lang='lat' dir='ltr'>lateralibus</span> <span class='ocrx_word' id='word_1_105' title='bbox 1397 962 1464 999; x_wconf 89' lang='lat' dir='ltr'>per</span> <span class='ocrx_word' id='word_1_106' title='bbox 1498 953 1675 986; x_wconf 82' lang='lat' dir='ltr'>suturam</span> 
     </span>
     <span class='ocr_line' id='line_1_13' title="bbox 123 1010 1675 1061; baseline -0.001 -11"><span class='ocrx_word' id='word_1_107' title='bbox 123 1014 262 1051; x_wconf 88' lang='lat' dir='ltr'>flavam</span> <span class='ocrx_word' id='word_1_108' title='bbox 297 1012 449 1057; x_wconf 74' lang='lat' dir='ltr'>divisis.</span> <span class='ocrx_word' id='word_1_109' title='bbox 486 1010 615 1048; x_wconf 78' lang='lat' dir='ltr'>aulice</span> <span class='ocrx_word' id='word_1_110' title='bbox 645 1010 879 1049; x_wconf 70' lang='lat' dir='ltr'>abbreviatis</span> <span class='ocrx_word' id='word_1_111' title='bbox 909 1016 945 1048; x_wconf 89' lang='lat' dir='ltr'>et</span> <span class='ocrx_word' id='word_1_112' title='bbox 984 1011 1153 1057; x_wconf 74' lang='lat' dir='ltr'>obtusis,</span> <span class='ocrx_word' id='word_1_113' title='bbox 1191 1011 1342 1061; x_wconf 81' lang='lat' dir='ltr'>postice</span> <span class='ocrx_word' id='word_1_114' title='bbox 1370 1011 1605 1061; x_wconf 81' lang='lat' dir='ltr'>subintegris</span> <span class='ocrx_word' id='word_1_115' title='bbox 1636 1015 1675 1048; x_wconf 83' lang='lat' dir='ltr'>et</span> 
     </span>
     <span class='ocr_line' id='line_1_14' title="bbox 124 1073 1675 1120; baseline -0.002 -5"><span class='ocrx_word' id='word_1_116' title='bbox 124 1077 260 1115; x_wconf 83' lang='lat' dir='ltr'>acutis.</span> <span class='ocrx_word' id='word_1_117' title='bbox 317 1075 478 1113; x_wconf 89' lang='lat' dir='ltr'>Pleurae</span> <span class='ocrx_word' id='word_1_118' title='bbox 507 1074 607 1111; x_wconf 86' lang='lat' dir='ltr'>infra</span> <span class='ocrx_word' id='word_1_119' title='bbox 636 1073 778 1111; x_wconf 81' lang='lat' dir='ltr'>fusco·</span> <span class='ocrx_word' id='word_1_120' title='bbox 797 1073 1067 1112; x_wconf 83' lang='lat' dir='ltr'>bimaculatae.</span> <span class='ocrx_word' id='word_1_121' title='bbox 1125 1073 1383 1120; x_wconf 74' lang='lat' dir='ltr'>Metanotum,</span> <span class='ocrx_word' id='word_1_122' title='bbox 1412 1074 1565 1112; x_wconf 85' lang='lat' dir='ltr'>terebra</span> <span class='ocrx_word' id='word_1_123' title='bbox 1595 1074 1675 1112; x_wconf 88' lang='lat' dir='ltr'>foe-</span> 
     </span>
     <span class='ocr_line' id='line_1_15' title="bbox 123 1135 1673 1190; baseline -0.002 -12"><span class='ocrx_word' id='word_1_124' title='bbox 123 1141 251 1178; x_wconf 81' lang='lat' dir='ltr'>minae</span> <span class='ocrx_word' id='word_1_125' title='bbox 279 1143 318 1176; x_wconf 84' lang='lat' dir='ltr'>et</span> <span class='ocrx_word' id='word_1_126' title='bbox 346 1138 619 1190; x_wconf 81' lang='lat' dir='ltr'>hypopygium</span> <span class='ocrx_word' id='word_1_127' title='bbox 648 1137 765 1174; x_wconf 88' lang='lat' dir='ltr'>maris</span> <span class='ocrx_word' id='word_1_128' title='bbox 794 1142 889 1184; x_wconf 70' lang='lat' dir='ltr'>atra,</span> <span class='ocrx_word' id='word_1_129' title='bbox 919 1138 1054 1175; x_wconf 79' lang='lat' dir='ltr'>nilida.</span> <span class='ocrx_word' id='word_1_130' title='bbox 1110 1135 1233 1175; x_wconf 83' lang='lat' dir='ltr'>Pedes</span> <span class='ocrx_word' id='word_1_131' title='bbox 1261 1137 1364 1184; x_wconf 85' lang='lat' dir='ltr'>ssavi,</span> <span class='ocrx_word' id='word_1_132' title='bbox 1391 1136 1572 1175; x_wconf 87' lang='lat' dir='ltr'>tibiarum</span> <span class='ocrx_word' id='word_1_133' title='bbox 1601 1142 1673 1175; x_wconf 85' lang='lat' dir='ltr'>tar-</span> 
     </span>
     <span class='ocr_line' id='line_1_16' title="bbox 123 1199 1674 1251; baseline -0.001 -11"><span class='ocrx_word' id='word_1_134' title='bbox 123 1214 334 1251; x_wconf 88' lang='lat' dir='ltr'>sorumque</span> <span class='ocrx_word' id='word_1_135' title='bbox 362 1201 493 1239; x_wconf 86' lang='lat' dir='ltr'>colore</span> <span class='ocrx_word' id='word_1_136' title='bbox 521 1200 559 1237; x_wconf 89' lang='lat' dir='ltr'>in</span> <span class='ocrx_word' id='word_1_137' title='bbox 580 1199 729 1237; x_wconf 90' lang='lat' dir='ltr'>luteum</span> <span class='ocrx_word' id='word_1_138' title='bbox 751 1199 813 1238; x_wconf 88' lang='lat' dir='ltr'>vel</span> <span class='ocrx_word' id='word_1_139' title='bbox 833 1200 1069 1239; x_wconf 87' lang='lat' dir='ltr'>dilutissime</span> <span class='ocrx_word' id='word_1_140' title='bbox 1087 1200 1312 1238; x_wconf 88' lang='lat' dir='ltr'>subfuseum</span> <span class='ocrx_word' id='word_1_141' title='bbox 1335 1204 1533 1251; x_wconf 83' lang='lat' dir='ltr'>vergente.</span> <span class='ocrx_word' id='word_1_142' title='bbox 1577 1199 1674 1238; x_wconf 86' lang='lat' dir='ltr'>Alae</span> 
     </span>
     <span class='ocr_line' id='line_1_17' title="bbox 124 1262 1674 1315; baseline -0.001 -12"><span class='ocrx_word' id='word_1_143' title='bbox 124 1265 322 1315; x_wconf 83' lang='lat' dir='ltr'>hyalinae,</span> <span class='ocrx_word' id='word_1_144' title='bbox 351 1263 458 1301; x_wconf 90' lang='lat' dir='ltr'>venis</span> <span class='ocrx_word' id='word_1_145' title='bbox 486 1263 616 1308; x_wconf 83' lang='lat' dir='ltr'>fuscis,</span> <span class='ocrx_word' id='word_1_146' title='bbox 645 1262 787 1300; x_wconf 67' lang='lat' dir='ltr'>cellula</span> <span class='ocrx_word' id='word_1_147' title='bbox 816 1263 1019 1302; x_wconf 85' lang='lat' dir='ltr'>discoidali</span> <span class='ocrx_word' id='word_1_148' title='bbox 1051 1263 1172 1310; x_wconf 76' lang='lat' dir='ltr'>brevi.</span> <span class='ocrx_word' id='word_1_149' title='bbox 1204 1263 1343 1301; x_wconf 84' lang='lat' dir='ltr'>ultimo</span> <span class='ocrx_word' id='word_1_150' title='bbox 1363 1276 1486 1301; x_wconf 84' lang='lat' dir='ltr'>venae</span> <span class='ocrx_word' id='word_1_151' title='bbox 1514 1264 1674 1314; x_wconf 84' lang='lat' dir='ltr'>quintae</span> 
     </span>
     <span class='ocr_line' id='line_1_18' title="bbox 124 1325 1674 1379; baseline -0.002 -13"><span class='ocrx_word' id='word_1_152' title='bbox 124 1332 326 1379; x_wconf 82' lang='lat' dir='ltr'>segmento</span> <span class='ocrx_word' id='word_1_153' title='bbox 355 1325 639 1378; x_wconf 80' lang='lat' dir='ltr'>paenultimam</span> <span class='ocrx_word' id='word_1_154' title='bbox 673 1326 790 1376; x_wconf 91' lang='lat' dir='ltr'>paulo</span> <span class='ocrx_word' id='word_1_155' title='bbox 820 1331 1046 1377; x_wconf 78' lang='lat' dir='ltr'>superante,</span> <span class='ocrx_word' id='word_1_156' title='bbox 1082 1325 1326 1376; x_wconf 79' lang='lat' dir='ltr'>paenultimo</span> <span class='ocrx_word' id='word_1_157' title='bbox 1356 1332 1394 1365; x_wconf 77' lang='lat' dir='ltr'>et</span> <span class='ocrx_word' id='word_1_158' title='bbox 1423 1327 1674 1379; x_wconf 88' lang='lat' dir='ltr'>antepaenul-</span> 
     </span>
     <span class='ocr_line' id='line_1_19' title="bbox 127 1389 1674 1439; baseline -0.001 -12"><span class='ocrx_word' id='word_1_159' title='bbox 127 1393 225 1428; x_wconf 85' lang='lat' dir='ltr'>timo</span> <span class='ocrx_word' id='word_1_160' title='bbox 263 1402 384 1428; x_wconf 85' lang='lat' dir='ltr'>venae</span> <span class='ocrx_word' id='word_1_161' title='bbox 413 1393 575 1439; x_wconf 86' lang='lat' dir='ltr'>quartae</span> <span class='ocrx_word' id='word_1_162' title='bbox 603 1389 918 1438; x_wconf 87' lang='lat' dir='ltr'>subaequalibus.</span> <span class='ocrx_word' id='word_1_163' title='bbox 961 1411 1009 1417; x_wconf 93' lang='lat'>—-</span> <span class='ocrx_word' id='word_1_164' title='bbox 1054 1390 1240 1438; x_wconf 87' lang='lat' dir='ltr'>(Distriet</span> <span class='ocrx_word' id='word_1_165' title='bbox 1270 1389 1497 1436; x_wconf 73' lang='lat' dir='ltr'>Columbia3</span> <span class='ocrx_word' id='word_1_166' title='bbox 1534 1389 1674 1428; x_wconf 81' lang='lat' dir='ltr'>Osten-</span> 
     </span>
    </p>
   </div>
   <div class='ocr_carea' id='block_1_4' title="bbox 125 1453 316 1502">
    <p class='ocr_par' dir='ltr' id='par_1_5' title="bbox 125 1453 316 1502">
     <span class='ocr_line' id='line_1_20' title="bbox 125 1453 316 1502; baseline -0.005 -11"><span class='ocrx_word' id='word_1_167' title='bbox 125 1453 316 1502; x_wconf 86' lang='lat' dir='ltr'>Saeken.)</span> 
     </span>
    </p>
   </div>
   <div class='ocr_carea' id='block_1_5' title="bbox 123 1556 1673 2492">
    <p class='ocr_par' dir='ltr' id='par_1_6' title="bbox 123 1556 1673 1865">
     <span class='ocr_line' id='line_1_21' title="bbox 231 1556 1672 1610; baseline -0.002 -13"><span class='ocrx_word' id='word_1_168' title='bbox 231 1559 294 1597; x_wconf 83' lang='lat'>89.</span> <span class='ocrx_word' id='word_1_169' title='bbox 323 1559 606 1609; x_wconf 73' lang='lat' dir='ltr'>Agrovnyza</span> <span class='ocrx_word' id='word_1_170' title='bbox 634 1565 892 1603; x_wconf 76' lang='lat' dir='ltr'>coronata.</span> <span class='ocrx_word' id='word_1_171' title='bbox 923 1571 1011 1596; x_wconf 91' lang='lat' dir='ltr'>nov.</span> <span class='ocrx_word' id='word_1_172' title='bbox 1033 1572 1089 1610; x_wconf 91' lang='lat' dir='ltr'>sp.</span> <span class='ocrx_word' id='word_1_173' title='bbox 1118 1556 1212 1600; x_wconf 56' lang='lat' dir='ltr'>&lt;set</span> <span class='ocrx_word' id='word_1_174' title='bbox 1229 1556 1271 1599; x_wconf 67' lang='grc' dir='ltr'>Ω.</span> <span class='ocrx_word' id='word_1_175' title='bbox 1303 1579 1349 1586; x_wconf 86' lang='grc'><strong>-</strong></span> <span class='ocrx_word' id='word_1_176' title='bbox 1381 1558 1540 1605; x_wconf 71' lang='lat' dir='ltr'>Nitida,</span> <span class='ocrx_word' id='word_1_177' title='bbox 1569 1564 1672 1605; x_wconf 82' lang='lat' dir='ltr'>atra,</span> 
     </span>
     <span class='ocr_line' id='line_1_22' title="bbox 124 1621 1673 1673; baseline -0.003 -12"><span class='ocrx_word' id='word_1_178' title='bbox 124 1627 308 1673; x_wconf 73' lang='lat' dir='ltr'>occipite,</span> <span class='ocrx_word' id='word_1_179' title='bbox 349 1627 531 1659; x_wconf 73' lang='lat' dir='ltr'>antennis</span> <span class='ocrx_word' id='word_1_180' title='bbox 557 1623 762 1673; x_wconf 79' lang='lat' dir='ltr'>palpisque</span> <span class='ocrx_word' id='word_1_181' title='bbox 791 1621 1080 1667; x_wconf 62' lang='lat' dir='ltr'>concolor-ibus,</span> <span class='ocrx_word' id='word_1_182' title='bbox 1121 1623 1269 1673; x_wconf 77' lang='lat' dir='ltr'>reliquo</span> <span class='ocrx_word' id='word_1_183' title='bbox 1307 1626 1456 1671; x_wconf 76' lang='lat' dir='ltr'>capite,</span> <span class='ocrx_word' id='word_1_184' title='bbox 1499 1622 1673 1658; x_wconf 67' lang='lat' dir='ltr'>thoracis</span> 
     </span>
     <span class='ocr_line' id='line_1_23' title="bbox 125 1685 1672 1737; baseline -0.003 -13"><span class='ocrx_word' id='word_1_185' title='bbox 125 1686 250 1724; x_wconf 71' lang='lat' dir='ltr'>limbis</span> <span class='ocrx_word' id='word_1_186' title='bbox 277 1687 501 1723; x_wconf 76' lang='lat' dir='ltr'>lateralibus</span> <span class='ocrx_word' id='word_1_187' title='bbox 532 1691 684 1737; x_wconf 75' lang='lat' dir='ltr'>imaque</span> <span class='ocrx_word' id='word_1_188' title='bbox 711 1687 864 1722; x_wconf 83' lang='lat' dir='ltr'>alarum</span> <span class='ocrx_word' id='word_1_189' title='bbox 893 1685 977 1721; x_wconf 79' lang='lat' dir='ltr'>basi</span> <span class='ocrx_word' id='word_1_190' title='bbox 1004 1686 1244 1734; x_wconf 71' lang='lat' dir='ltr'>sulphureis;</span> <span class='ocrx_word' id='word_1_191' title='bbox 1272 1686 1358 1722; x_wconf 84' lang='lat' dir='ltr'>alae</span> <span class='ocrx_word' id='word_1_192' title='bbox 1377 1689 1672 1730; x_wconf 65' lang='lat' dir='ltr'>olmera-scentes,</span> 
     </span>
     <span class='ocr_line' id='line_1_24' title="bbox 125 1748 1668 1801; baseline -0.003 -14"><span class='ocrx_word' id='word_1_193' title='bbox 125 1755 231 1787; x_wconf 80' lang='lat' dir='ltr'>venis</span> <span class='ocrx_word' id='word_1_194' title='bbox 259 1754 401 1801; x_wconf 58' lang='lat' dir='ltr'>nigri-s.</span> <span class='ocrx_word' id='word_1_195' title='bbox 431 1750 569 1786; x_wconf 73' lang='lat' dir='ltr'>cellula</span> <span class='ocrx_word' id='word_1_196' title='bbox 597 1749 805 1786; x_wconf 72' lang='lat' dir='ltr'>discoidali</span> <span class='ocrx_word' id='word_1_197' title='bbox 834 1749 1010 1795; x_wconf 61' lang='lat' dir='ltr'>minuta,</span> <span class='ocrx_word' id='word_1_198' title='bbox 1037 1749 1185 1785; x_wconf 76' lang='lat' dir='ltr'>cellulis</span> <span class='ocrx_word' id='word_1_199' title='bbox 1213 1748 1408 1786; x_wconf 79' lang='lat' dir='ltr'>basalibus</span> <span class='ocrx_word' id='word_1_200' title='bbox 1435 1748 1606 1785; x_wconf 67' lang='lat' dir='ltr'>secanda</span> <span class='ocrx_word' id='word_1_201' title='bbox 1635 1755 1668 1783; x_wconf 82' lang='lat' dir='ltr'>et</span> 
     </span>
     <span class='ocr_line' id='line_1_25' title="bbox 123 1811 1469 1865; baseline -0.002 -15"><span class='ocrx_word' id='word_1_202' title='bbox 123 1817 254 1865; x_wconf 74' lang='lat' dir='ltr'>prima</span> <span class='ocrx_word' id='word_1_203' title='bbox 283 1813 575 1863; x_wconf 57' lang='lat' dir='ltr'>confluentibus.</span> <span class='ocrx_word' id='word_1_204' title='bbox 606 1836 656 1841; x_wconf 92' lang='lat'>—</span> <span class='ocrx_word' id='word_1_205' title='bbox 685 1811 809 1862; x_wconf 82' lang='lat' dir='ltr'>Long.</span> <span class='ocrx_word' id='word_1_206' title='bbox 841 1824 945 1863; x_wconf 85' lang='lat' dir='ltr'>corp.</span> <span class='ocrx_word' id='word_1_207' title='bbox 978 1816 999 1860; x_wconf 58' lang='grc' dir='ltr'>ξ</span> <span class='ocrx_word' id='word_1_208' title='bbox 1029 1811 1109 1856; x_wconf 71' lang='lat' dir='ltr'>lin..</span> <span class='ocrx_word' id='word_1_209' title='bbox 1139 1812 1240 1863; x_wconf 85' lang='lat' dir='ltr'>long.</span> <span class='ocrx_word' id='word_1_210' title='bbox 1271 1812 1317 1849; x_wconf 90' lang='lat' dir='ltr'>al.</span> <span class='ocrx_word' id='word_1_211' title='bbox 1348 1816 1371 1860; x_wconf 54' lang='grc' dir='ltr'>ξ</span> <span class='ocrx_word' id='word_1_212' title='bbox 1403 1811 1469 1848; x_wconf 90' lang='lat' dir='ltr'>lin.</span> 
     </span>
    </p>

    <p class='ocr_par' dir='ltr' id='par_1_7' title="bbox 126 1874 1672 2492">
     <span class='ocr_line' id='line_1_26' title="bbox 232 1874 1670 1926; baseline -0.001 -13"><span class='ocrx_word' id='word_1_213' title='bbox 232 1876 360 1926; x_wconf 85' lang='lat' dir='ltr'>Caput</span> <span class='ocrx_word' id='word_1_214' title='bbox 387 1875 487 1914; x_wconf 88' lang='lat' dir='ltr'>laete</span> <span class='ocrx_word' id='word_1_215' title='bbox 515 1875 782 1926; x_wconf 86' lang='lat' dir='ltr'>sulphureum,</span> <span class='ocrx_word' id='word_1_216' title='bbox 812 1875 980 1925; x_wconf 84' lang='lat' dir='ltr'>occipite</span> <span class='ocrx_word' id='word_1_217' title='bbox 1011 1878 1050 1912; x_wconf 89' lang='lat' dir='ltr'>et</span> <span class='ocrx_word' id='word_1_218' title='bbox 1069 1875 1265 1925; x_wconf 81' lang='lat' dir='ltr'>triangulo</span> <span class='ocrx_word' id='word_1_219' title='bbox 1287 1874 1446 1912; x_wconf 89' lang='lat' dir='ltr'>ocellari</span> <span class='ocrx_word' id='word_1_220' title='bbox 1477 1875 1582 1920; x_wconf 79' lang='lat' dir='ltr'>atris,</span> <span class='ocrx_word' id='word_1_221' title='bbox 1611 1887 1670 1911; x_wconf 89' lang='lat' dir='ltr'>su-</span> 
     </span>
     <span class='ocr_line' id='line_1_27' title="bbox 127 1937 1671 1990; baseline -0.002 -13"><span class='ocrx_word' id='word_1_222' title='bbox 127 1939 281 1990; x_wconf 81' lang='lat' dir='ltr'>periore</span> <span class='ocrx_word' id='word_1_223' title='bbox 308 1939 448 1977; x_wconf 85' lang='lat' dir='ltr'>frontis</span> <span class='ocrx_word' id='word_1_224' title='bbox 477 1939 636 1976; x_wconf 89' lang='lat' dir='ltr'>dimidio</span> <span class='ocrx_word' id='word_1_225' title='bbox 666 1939 849 1988; x_wconf 89' lang='lat' dir='ltr'>utrinque</span> <span class='ocrx_word' id='word_1_226' title='bbox 870 1939 1210 1989; x_wconf 75' lang='lat' dir='ltr'>atro-marginat03</span> <span class='ocrx_word' id='word_1_227' title='bbox 1239 1942 1434 1975; x_wconf 75' lang='lat' dir='ltr'>antennae</span> <span class='ocrx_word' id='word_1_228' title='bbox 1457 1937 1671 1975; x_wconf 89' lang='lat' dir='ltr'>mediocres</span> 
     </span>
     <span class='ocr_line' id='line_1_28' title="bbox 127 2000 1671 2054; baseline -0.003 -13"><span class='ocrx_word' id='word_1_229' title='bbox 127 2007 166 2041; x_wconf 87' lang='lat' dir='ltr'>et</span> <span class='ocrx_word' id='word_1_230' title='bbox 195 2002 299 2054; x_wconf 90' lang='lat' dir='ltr'>palpi</span> <span class='ocrx_word' id='word_1_231' title='bbox 329 2002 415 2039; x_wconf 88' lang='lat' dir='ltr'>atri.</span> <span class='ocrx_word' id='word_1_232' title='bbox 469 2001 627 2040; x_wconf 82' lang='lat' dir='ltr'>Thorax</span> <span class='ocrx_word' id='word_1_233' title='bbox 667 2006 705 2038; x_wconf 88' lang='lat' dir='ltr'>et</span> <span class='ocrx_word' id='word_1_234' title='bbox 741 2001 937 2039; x_wconf 85' lang='lat' dir='ltr'>abdomen</span> <span class='ocrx_word' id='word_1_235' title='bbox 967 2006 1069 2047; x_wconf 74' lang='lat' dir='ltr'>atra,</span> <span class='ocrx_word' id='word_1_236' title='bbox 1103 2001 1247 2047; x_wconf 78' lang='lat' dir='ltr'>nitida.</span> <span class='ocrx_word' id='word_1_237' title='bbox 1277 2000 1512 2051; x_wconf 84' lang='lat' dir='ltr'>marginibus</span> <span class='ocrx_word' id='word_1_238' title='bbox 1540 2005 1671 2040; x_wconf 81' lang='lat' dir='ltr'>tamen</span> 
     </span>
     <span class='ocr_line' id='line_1_29' title="bbox 126 2063 1670 2115; baseline -0.001 -13"><span class='ocrx_word' id='word_1_239' title='bbox 126 2064 350 2104; x_wconf 71' lang='lat' dir='ltr'>lateralibus</span> <span class='ocrx_word' id='word_1_240' title='bbox 378 2064 480 2102; x_wconf 86' lang='lat' dir='ltr'>illius</span> <span class='ocrx_word' id='word_1_241' title='bbox 507 2065 608 2102; x_wconf 89' lang='lat' dir='ltr'>laete</span> <span class='ocrx_word' id='word_1_242' title='bbox 631 2064 865 2115; x_wconf 81' lang='lat' dir='ltr'>sulphureis.</span> <span class='ocrx_word' id='word_1_243' title='bbox 923 2063 1046 2103; x_wconf 83' lang='lat' dir='ltr'>Pedes</span> <span class='ocrx_word' id='word_1_244' title='bbox 1067 2065 1140 2102; x_wconf 85' lang='lat' dir='ltr'>toti</span> <span class='ocrx_word' id='word_1_245' title='bbox 1161 2064 1246 2101; x_wconf 86' lang='lat' dir='ltr'>atri.</span> <span class='ocrx_word' id='word_1_246' title='bbox 1303 2063 1485 2101; x_wconf 82' lang='lat' dir='ltr'>Halteres</span> <span class='ocrx_word' id='word_1_247' title='bbox 1513 2063 1670 2115; x_wconf 87' lang='lat' dir='ltr'>sulphu-</span> 
     </span>
     <span class='ocr_line' id='line_1_30' title="bbox 126 2126 1671 2178; baseline -0.002 -12"><span class='ocrx_word' id='word_1_248' title='bbox 126 2130 193 2167; x_wconf 85' lang='lat' dir='ltr'>rei.</span> <span class='ocrx_word' id='word_1_249' title='bbox 251 2128 345 2166; x_wconf 83' lang='lat' dir='ltr'>Alae</span> <span class='ocrx_word' id='word_1_250' title='bbox 365 2127 737 2178; x_wconf 78' lang='lat' dir='ltr'>cinereo-hyalinae,</span> <span class='ocrx_word' id='word_1_251' title='bbox 765 2128 844 2165; x_wconf 67' lang='lat' dir='ltr'>ima.</span> <span class='ocrx_word' id='word_1_252' title='bbox 864 2127 944 2164; x_wconf 90' lang='lat' dir='ltr'>basi</span> <span class='ocrx_word' id='word_1_253' title='bbox 964 2127 1187 2178; x_wconf 75' lang='lat' dir='ltr'>sulphurea,</span> <span class='ocrx_word' id='word_1_254' title='bbox 1218 2128 1326 2165; x_wconf 90' lang='lat' dir='ltr'>venis</span> <span class='ocrx_word' id='word_1_255' title='bbox 1346 2127 1526 2164; x_wconf 89' lang='lat' dir='ltr'>omnibus</span> <span class='ocrx_word' id='word_1_256' title='bbox 1546 2126 1671 2164; x_wconf 86' lang='lat' dir='ltr'>fusco-</span> 
     </span>
     <span class='ocr_line' id='line_1_31' title="bbox 127 2189 1672 2242; baseline -0.001 -14"><span class='ocrx_word' id='word_1_257' title='bbox 127 2192 265 2242; x_wconf 78' lang='lat' dir='ltr'>nigris3</span> <span class='ocrx_word' id='word_1_258' title='bbox 293 2191 432 2228; x_wconf 88' lang='lat' dir='ltr'>cellula</span> <span class='ocrx_word' id='word_1_259' title='bbox 463 2190 684 2228; x_wconf 90' lang='lat' dir='ltr'>diseoidalis</span> <span class='ocrx_word' id='word_1_260' title='bbox 720 2191 887 2236; x_wconf 79' lang='lat' dir='ltr'>minuta3</span> <span class='ocrx_word' id='word_1_261' title='bbox 924 2203 1022 2227; x_wconf 80' lang='lat' dir='ltr'>vena</span> <span class='ocrx_word' id='word_1_262' title='bbox 1058 2194 1275 2227; x_wconf 84' lang='lat' dir='ltr'>transversa</span> <span class='ocrx_word' id='word_1_263' title='bbox 1305 2190 1432 2228; x_wconf 88' lang='lat' dir='ltr'>media</span> <span class='ocrx_word' id='word_1_264' title='bbox 1461 2190 1499 2226; x_wconf 90' lang='lat' dir='ltr'>in</span> <span class='ocrx_word' id='word_1_265' title='bbox 1530 2189 1672 2227; x_wconf 65' lang='lat' dir='ltr'>cellula</span> 
     </span>
     <span class='ocr_line' id='line_1_32' title="bbox 129 2252 1671 2303; baseline -0.001 -12"><span class='ocrx_word' id='word_1_266' title='bbox 129 2254 330 2291; x_wconf 87' lang='lat' dir='ltr'>diseoidali</span> <span class='ocrx_word' id='word_1_267' title='bbox 360 2254 487 2292; x_wconf 66' lang='lat' dir='ltr'>media</span> <span class='ocrx_word' id='word_1_268' title='bbox 515 2253 720 2299; x_wconf 82' lang='lat' dir='ltr'>collocata,</span> <span class='ocrx_word' id='word_1_269' title='bbox 750 2253 811 2290; x_wconf 87' lang='lat' dir='ltr'>vel</span> <span class='ocrx_word' id='word_1_270' title='bbox 840 2266 860 2288; x_wconf 85' lang='lat' dir='ltr'>a</span> <span class='ocrx_word' id='word_1_271' title='bbox 891 2253 971 2290; x_wconf 86' lang='lat' dir='ltr'>basi</span> <span class='ocrx_word' id='word_1_272' title='bbox 999 2252 1116 2303; x_wconf 86' lang='lat' dir='ltr'>paulo</span> <span class='ocrx_word' id='word_1_273' title='bbox 1150 2252 1266 2290; x_wconf 83' lang='lat' dir='ltr'>latius</span> <span class='ocrx_word' id='word_1_274' title='bbox 1301 2253 1468 2298; x_wconf 75' lang='lat' dir='ltr'>distans3</span> <span class='ocrx_word' id='word_1_275' title='bbox 1503 2254 1671 2303; x_wconf 87' lang='lat' dir='ltr'>primum</span> 
     </span>
     <span class='ocr_line' id='line_1_33' title="bbox 129 2315 1672 2366; baseline -0.001 -13"><span class='ocrx_word' id='word_1_276' title='bbox 129 2329 251 2354; x_wconf 90' lang='lat' dir='ltr'>venae</span> <span class='ocrx_word' id='word_1_277' title='bbox 278 2316 569 2366; x_wconf 78' lang='lat' dir='ltr'>longitudinalis</span> <span class='ocrx_word' id='word_1_278' title='bbox 599 2320 760 2366; x_wconf 83' lang='lat' dir='ltr'>quartae</span> <span class='ocrx_word' id='word_1_279' title='bbox 788 2319 1030 2366; x_wconf 81' lang='lat' dir='ltr'>segmentum</span> <span class='ocrx_word' id='word_1_280' title='bbox 1051 2315 1165 2366; x_wconf 87' lang='lat' dir='ltr'>plane</span> <span class='ocrx_word' id='word_1_281' title='bbox 1185 2316 1423 2361; x_wconf 73' lang='lat' dir='ltr'>obsoletum,</span> <span class='ocrx_word' id='word_1_282' title='bbox 1451 2316 1504 2353; x_wconf 88' lang='lat' dir='ltr'>ita</span> <span class='ocrx_word' id='word_1_283' title='bbox 1534 2319 1575 2352; x_wconf 93' lang='lat' dir='ltr'>ut</span> <span class='ocrx_word' id='word_1_284' title='bbox 1598 2315 1672 2353; x_wconf 88' lang='lat' dir='ltr'>cel-</span> 
     </span>
     <span class='ocr_line' id='line_1_34' title="bbox 131 2377 1671 2430; baseline -0.001 -14"><span class='ocrx_word' id='word_1_285' title='bbox 131 2379 208 2416; x_wconf 89' lang='lat' dir='ltr'>lula</span> <span class='ocrx_word' id='word_1_286' title='bbox 236 2379 377 2417; x_wconf 84' lang='lat' dir='ltr'>basalis</span> <span class='ocrx_word' id='word_1_287' title='bbox 405 2380 576 2417; x_wconf 85' lang='lat' dir='ltr'>secunda</span> <span class='ocrx_word' id='word_1_288' title='bbox 606 2393 694 2417; x_wconf 89' lang='lat' dir='ltr'>eum</span> <span class='ocrx_word' id='word_1_289' title='bbox 724 2379 848 2430; x_wconf 76' lang='lat' dir='ltr'>prima</span> <span class='ocrx_word' id='word_1_290' title='bbox 879 2379 1124 2429; x_wconf 81' lang='lat' dir='ltr'>conjugatur.</span> <span class='ocrx_word' id='word_1_291' title='bbox 1146 2402 1195 2407; x_wconf 92' lang='lat'>—</span> <span class='ocrx_word' id='word_1_292' title='bbox 1217 2377 1359 2427; x_wconf 82' lang='lat' dir='ltr'>(Cuba‚</span> <span class='ocrx_word' id='word_1_293' title='bbox 1388 2377 1520 2425; x_wconf 81' lang='lat' dir='ltr'>Riehl;</span> <span class='ocrx_word' id='word_1_294' title='bbox 1551 2377 1671 2415; x_wconf 88' lang='lat' dir='ltr'>Penn-</span> 
     </span>
     <span class='ocr_line' id='line_1_35' title="bbox 130 2441 666 2492; baseline 0.002 -13"><span class='ocrx_word' id='word_1_295' title='bbox 130 2442 319 2492; x_wconf 83' lang='lat' dir='ltr'>sylvania,</span> <span class='ocrx_word' id='word_1_296' title='bbox 342 2441 666 2490; x_wconf 80' lang='lat' dir='ltr'>osten-Sacken.)</span> 
     </span>
    </p>
   </div>
   <div class='ocr_carea' id='block_1_6' title="bbox 129 2545 1671 2847">
    <p class='ocr_par' dir='ltr' id='par_1_8' title="bbox 129 2545 1671 2847">
     <span class='ocr_line' id='line_1_36' title="bbox 237 2545 1670 2598; baseline -0.001 -14"><span class='ocrx_word' id='word_1_297' title='bbox 237 2547 301 2584; x_wconf 82' lang='lat'>90.</span> <span class='ocrx_word' id='word_1_298' title='bbox 345 2547 629 2597; x_wconf 74' lang='lat' dir='ltr'>Agromyza</span> <span class='ocrx_word' id='word_1_299' title='bbox 657 2549 998 2598; x_wconf 77' lang='lat' dir='ltr'>longipennis,</span> <span class='ocrx_word' id='word_1_300' title='bbox 1032 2559 1122 2584; x_wconf 89' lang='lat' dir='ltr'>nov.</span> <span class='ocrx_word' id='word_1_301' title='bbox 1151 2560 1209 2597; x_wconf 87' lang='lat' dir='ltr'>sp.</span> <span class='ocrx_word' id='word_1_302' title='bbox 1239 2545 1281 2587; x_wconf 77' lang='grc' dir='ltr'>Ω.</span> <span class='ocrx_word' id='word_1_303' title='bbox 1328 2570 1380 2575; x_wconf 82' lang='lat'>—-</span> <span class='ocrx_word' id='word_1_304' title='bbox 1426 2547 1587 2583; x_wconf 73' lang='lat' dir='ltr'>Modice</span> <span class='ocrx_word' id='word_1_305' title='bbox 1614 2550 1670 2583; x_wconf 79' lang='lat' dir='ltr'>ni·</span> 
     </span>
     <span class='ocr_line' id='line_1_37' title="bbox 133 2609 1670 2661; baseline -0.002 -14"><span class='ocrx_word' id='word_1_306' title='bbox 133 2616 237 2655; x_wconf 81' lang='lat' dir='ltr'>tens,</span> <span class='ocrx_word' id='word_1_307' title='bbox 265 2614 406 2660; x_wconf 75' lang='lat' dir='ltr'>nigra,</span> <span class='ocrx_word' id='word_1_308' title='bbox 434 2613 598 2659; x_wconf 74' lang='lat' dir='ltr'>occipite</span> <span class='ocrx_word' id='word_1_309' title='bbox 626 2615 881 2661; x_wconf 75' lang='lat' dir='ltr'>antennisque</span> <span class='ocrx_word' id='word_1_310' title='bbox 910 2609 1193 2653; x_wconf 76' lang='lat' dir='ltr'>concoloribus.</span> <span class='ocrx_word' id='word_1_311' title='bbox 1221 2611 1370 2661; x_wconf 80' lang='lat' dir='ltr'>reliquo</span> <span class='ocrx_word' id='word_1_312' title='bbox 1398 2614 1527 2659; x_wconf 82' lang='lat' dir='ltr'>capite</span> <span class='ocrx_word' id='word_1_313' title='bbox 1555 2610 1670 2654; x_wconf 78' lang='lat' dir='ltr'>luteo,</span> 
     </span>
     <span class='ocr_line' id='line_1_38' title="bbox 129 2673 1671 2725; baseline -0.001 -16"><span class='ocrx_word' id='word_1_314' title='bbox 129 2673 287 2720; x_wconf 74' lang='lat' dir='ltr'>pedibus</span> <span class='ocrx_word' id='word_1_315' title='bbox 322 2673 424 2708; x_wconf 81' lang='lat' dir='ltr'>luteo</span> <span class='ocrx_word' id='word_1_316' title='bbox 458 2677 493 2708; x_wconf 83' lang='lat' dir='ltr'>et</span> <span class='ocrx_word' id='word_1_317' title='bbox 521 2676 639 2723; x_wconf 78' lang='lat' dir='ltr'>nigro</span> <span class='ocrx_word' id='word_1_318' title='bbox 666 2678 903 2724; x_wconf 69' lang='lat' dir='ltr'>vartegatisg</span> <span class='ocrx_word' id='word_1_319' title='bbox 937 2674 1024 2710; x_wconf 80' lang='lat' dir='ltr'>alae</span> <span class='ocrx_word' id='word_1_320' title='bbox 1056 2674 1209 2725; x_wconf 75' lang='lat' dir='ltr'>longae,</span> <span class='ocrx_word' id='word_1_321' title='bbox 1237 2674 1432 2723; x_wconf 74' lang='lat' dir='ltr'>hyalinae,</span> <span class='ocrx_word' id='word_1_322' title='bbox 1460 2674 1671 2723; x_wconf 71' lang='lat' dir='ltr'>segmentis</span> 
     </span>
     <span class='ocr_line' id='line_1_39' title="bbox 133 2734 1670 2787; baseline 0.001 -17"><span class='ocrx_word' id='word_1_323' title='bbox 133 2735 280 2771; x_wconf 78' lang='lat' dir='ltr'>ultimis</span> <span class='ocrx_word' id='word_1_324' title='bbox 308 2734 452 2771; x_wconf 76' lang='lat' dir='ltr'>duobus</span> <span class='ocrx_word' id='word_1_325' title='bbox 480 2748 596 2772; x_wconf 83' lang='lat' dir='ltr'>venae</span> <span class='ocrx_word' id='word_1_326' title='bbox 622 2739 780 2786; x_wconf 77' lang='lat' dir='ltr'>quintae</span> <span class='ocrx_word' id='word_1_327' title='bbox 812 2735 1116 2787; x_wconf 60' lang='lat' dir='ltr'>subaequalibu&amp;</span> <span class='ocrx_word' id='word_1_328' title='bbox 1146 2758 1195 2764; x_wconf 92' lang='lat'>—</span> <span class='ocrx_word' id='word_1_329' title='bbox 1227 2735 1347 2787; x_wconf 84' lang='lat' dir='ltr'>Long.</span> <span class='ocrx_word' id='word_1_330' title='bbox 1376 2748 1482 2786; x_wconf 84' lang='lat' dir='ltr'>corp.</span> <span class='ocrx_word' id='word_1_331' title='bbox 1513 2735 1562 2784; x_wconf 62' lang='lat' dir='ltr'>l}—</span> <span class='ocrx_word' id='word_1_332' title='bbox 1590 2734 1670 2779; x_wconf 67' lang='lat' dir='ltr'>lin..</span> 
     </span>
     <span class='ocr_line' id='line_1_40' title="bbox 135 2797 489 2847; baseline 0.003 -15"><span class='ocrx_word' id='word_1_333' title='bbox 135 2797 239 2847; x_wconf 83' lang='lat' dir='ltr'>long.</span> <span class='ocrx_word' id='word_1_334' title='bbox 269 2797 316 2835; x_wconf 83' lang='lat' dir='ltr'>al.</span> <span class='ocrx_word' id='word_1_335' title='bbox 349 2800 394 2846; x_wconf 57' lang='lat'>1÷</span> <span class='ocrx_word' id='word_1_336' title='bbox 424 2797 489 2836; x_wconf 86' lang='lat' dir='ltr'>lin.</span> 
     </span>
    </p>
   </div>
  </div>
 </body>
</html>
