1752 2978
553 141 589 176 A
596 144 758 177 mtre'ene
794 143 1121 189 septentrtonaHs
1528 143 1613 182 259

67 245 173 282 tenui
209 243 395 281 subnudzi.
463 242 663 281 Proboseis
701 258 786 281 cum
827 245 949 296 palpis
986 246 1138 296 pallida.
1203 246 1390 297 Superius
1425 247 1601 297 occipitis

66 307 266 344 dimidium
304 308 472 356 nigrumg
512 312 643 344 vertex
683 307 888 353 concolor,
925 309 1071 345 macula
1108 308 1258 358 gemina
1289 309 1433 359 polline
1469 308 1599 347 albido

64 369 226 420 aspersa.
284 367 438 405 Thorax
469 373 562 413 ater,
592 369 752 415 nitidus3
791 370 893 407 dorsi
927 372 1020 406 vitta
1050 371 1232 408 latissima
1271 371 1416 422 polline
1444 372 1599 410 cinereo

63 445 196 483 opaca,
226 432 415 481 margines
444 431 621 468 laterales
649 431 795 482 polline
831 432 1134 470 albido-cinereo
1164 435 1324 484 aspersi3
1362 434 1517 484 pleurae
1545 435 1599 472 in-

62 494 119 531 fra
150 494 292 544 polline
321 494 449 531 albido
479 495 666 532 cinereae.
724 494 922 532 Abdomen
954 500 1105 540 atrum,
1135 497 1320 534 nitidum.
1358 501 1493 535 ventre
1520 498 1601 549 pal-

62 557 152 594 lido.
211 556 329 594 Pedes
363 570 450 593 cum
487 557 594 594 coxis
624 557 731 598 ssavi,
768 559 953 595 extremis
991 559 1230 609 posticorum
1269 559 1428 609 genibus
1465 560 1597 611 nigris.

63 619 159 657 Alae
187 619 576 669 cinereo-lnyalinae,
612 619 793 657 adversus
823 625 969 658 costam
1001 634 1046 657 ex
1077 621 1232 658 cinereo
1264 622 1517 670 nigricantes,
1544 623 1599 661 ita

64 687 105 719 ut
134 682 272 720 cellula
304 682 524 732 marginalis
554 682 643 719 inde
671 696 688 718 a
721 696 840 721 venae
869 685 1016 734 primae
1045 683 1120 721 tine
1142 683 1287 733 reliqua
1309 683 1367 721 ala
1396 683 1599 724 obscurior

63 745 126 782 sit.
158 767 202 772 -—
235 744 428 793 (Canada3
458 745 643 794 Conper.)

168 845 233 881 95.
286 845 585 882 Tetanocera
615 846 842 897 avebigua
879 860 965 883 nov.
996 861 1051 897 sp.
1081 845 1131 889 ο),
1199 848 1404 884 Antemnae
1442 849 1597 899 elonga-

61 915 142 954 tae,
171 914 322 950 tenues,
352 909 531 945 articulis
558 910 707 946 ultimis
746 909 890 945 duobus
927 909 1236 961 subaequalibus‚
1272 914 1356 947 seni
1384 911 1469 946 albo
1486 912 1597 960 -plu-

61 975 189 1008 mosei:
217 972 301 1007 alae
328 973 710 1022 nigro-reticulatae,
739 973 852 1010 limbo
881 979 1010 1010 costae
1037 979 1072 1010 et
1102 974 1227 1022 apicis
1255 978 1383 1023 nigro.
1406 994 1455 998 —
1480 972 1597 1024 Long-

62 1045 166 1084 corp.
195 1036 272 1083 2T⁷3
303 1034 383 1079 lin„
413 1033 531 1085 Long.
564 1034 611 1072 al.
642 1038 691 1084 ’.ἐξ
722 1036 787 1072 lin.

167 1095 351 1147 Corporis
380 1098 502 1135 forma
532 1110 575 1134 ac
603 1098 723 1147 figura
753 1099 912 1135 omnino
932 1098 1206 1137 Tetanoeerae.
1236 1099 1300 1136 sed
1331 1102 1445 1148 caput
1475 1103 1510 1135 et
1533 1110 1596 1135 an-

61 1164 201 1197 tennae
228 1159 479 1211 Sepedontis2
521 1161 572 1198 ita
616 1167 653 1197 ut
690 1161 798 1212 quasi
836 1162 1062 1200 intermedia
1100 1164 1201 1199 inter
1237 1165 1445 1209 utrumque
1476 1174 1595 1210 genus

59 1228 250 1275 appareat.
307 1223 365 1260 Ex
395 1224 502 1260 fusco
532 1227 719 1271 testacea,
759 1225 916 1261 thorace
951 1229 987 1262 et
1016 1225 1220 1262 abdomine
1260 1225 1366 1260 fusco
1396 1222 1595 1274 punctula-

60 1287 120 1324 tis.
179 1286 296 1323 Frons
333 1286 515 1335 utrinque
550 1287 717 1325 maculas
757 1287 864 1324 binas
900 1288 1026 1337 nigras
1064 1288 1195 1333 habet„
1237 1300 1400 1336 quarum
1435 1286 1596 1324 inferior

59 1350 167 1400 juxta
197 1354 382 1387 antennas
410 1350 482 1386 sita
512 1354 581 1387 est.
638 1351 838 1387 Antennae
858 1351 1007 1399 longae(
1036 1354 1186 1395 tenues,
1214 1354 1417 1395 testaceae‚
1445 1350 1593 1401 apicem

58 1425 190 1449 versus
222 1412 369 1463 nigrae3
398 1412 581 1450 articulus
609 1413 800 1450 secundus
834 1413 951 1450 tertio
981 1413 1234 1462 subaequalis„
1267 1412 1351 1463 pilis
1382 1413 1593 1451 rarioribus

59 1475 176 1526 nigris
207 1476 435 1521 instructus3
465 1475 650 1513 articulus
679 1476 816 1512 tertius
845 1476 1025 1521 obtusus3
1058 1481 1137 1513 seta
1168 1475 1270 1514 alba.
1312 1476 1430 1512 basim
1461 1490 1593 1514 versus

61 1538 174 1584 lutea,
204 1538 498 1589 albo-plumosa.
560 1538 689 1576 Facies
720 1551 839 1589 prope
869 1544 1055 1576 antennas
1087 1537 1327 1575 tuberculum
1361 1538 1593 1588 laevigatum

59 1601 213 1638 badium
244 1601 372 1638 habet.
431 1601 551 1639 Pedes
581 1602 761 1643 testacei,
790 1601 894 1638 tibiis
925 1602 1061 1638 anticis
1091 1605 1242 1650 praeter
1272 1600 1408 1646 basim,
1438 1602 1595 1653 reliquis

59 1665 96 1701 in
126 1665 234 1715 apice
265 1665 395 1714 nigris.
455 1664 549 1701 Alae
579 1664 854 1707 breviusculae,
887 1664 1277 1714 nigro-reticulatae,
1306 1664 1466 1714 guttulis
1497 1678 1593 1701 mar-

58 1727 246 1779 ginalibus
276 1727 390 1764 nullis
420 1728 471 1764 ita
504 1731 542 1763 ut
574 1726 712 1763 limbus
741 1730 872 1763 costae
902 1731 936 1763 et
960 1726 1078 1776 apicis
1099 1727 1219 1776 niger.
1251 1727 1431 1776 marginis
1452 1728 1590 1778 postici

58 1804 107 1828 ex
137 1790 245 1841 nigro
275 1790 449 1827 cinereus
484 1790 550 1828 sit:
592 1802 685 1826 vena
723 1795 936 1826 transversa
974 1790 1165 1838 posterior
1203 1788 1315 1825 valde
1344 1794 1513 1827 arcuata.
1543 1810 1593 1814 -

57 1852 235 1900 (Maine.)

164 1946 227 1984 96.
258 1948 555 1996 Sapromyza
582 1947 751 1983 decora
782 1959 867 1983 nov.
888 1959 945 1996 sp.
975 1944 1017 1985 Ω.
1078 1946 1318 1991 Flave-scens,
1348 1947 1510 1983 maculis
1529 1951 1590 1983 ηἰ-

55 2014 142 2061 gris
170 2014 386 2060 variegata.
415 2009 632 2057 alisfusco
649 2010 877 2046 reticulatis.
909 2031 954 2033 ῌ
988 2007 1107 2059 Long.
1139 2021 1244 2059 corp.
1274 2008 1319 2055 23
1356 2008 1435 2047 lin..
1471 2007 1588 2060 Long.

58 2072 107 2110 al.
133 2073 184 2120 2÷
216 2071 279 2108 lin.

166 2134 300 2173 Dilute
328 2135 547 2179 flavescens
577 2135 673 2171 infra
704 2134 896 2185 pallidior.
951 2134 1105 2173 Tertius
1125 2140 1377 2172 antennarum
1408 2135 1591 2172 articulus

57 2198 285 2249 triangulus.
314 2209 428 2248 supra
460 2197 596 2235 leviter
625 2198 791 2243 excisus,
819 2199 899 2235 seta
930 2198 1241 2249 nigro-plumata.
1298 2197 1419 2234 Frons
1442 2202 1592 2247 praeter

55 2262 246 2311 margines
275 2260 612 2311 nigro-maculatos
642 2272 831 2304 convexaq
861 2261 997 2304 nitida,
1028 2261 1216 2297 maculam
1246 2261 1436 2309 geminam
1468 2266 1590 2299 atram

55 2337 200 2376 gerens.
257 2325 388 2361 Genae
417 2327 452 2360 et
484 2323 634 2372 occiput
666 2323 994 2360 fusco-maculata.
1050 2322 1206 2360 Thorax
1237 2326 1271 2359 et
1295 2321 1483 2360 abdomen
1514 2338 1590 2361 ma-

55 2387 149 2424 culis
178 2387 308 2437 nigris,
335 2386 507 2424 seriatim
538 2386 732 2436 dispositis
761 2391 907 2422 ornata.
968 2386 1126 2422 Femora
1149 2385 1298 2435 singula
1321 2386 1416 2423 infra
1439 2388 1590 2424 macula

54 2449 163 2500 nigra
194 2453 336 2486 notata.
380 2448 473 2485 Alae
502 2448 868 2491 fusco-reticulatam
897 2447 1002 2485 costa
1024 2453 1060 2484 et
1089 2450 1196 2499 apice
1226 2448 1393 2493 radiatis,
1425 2449 1531 2488 disco
1552 2454 1589 2488 et

55 2513 225 2563 margine
253 2512 402 2563 postico
432 2511 603 2561 guttatis.
638 2532 683 2536 —-
712 2510 835 2558 (Lake
866 2510 1018 2560 Georgo
1047 2510 1091 2548 N.
1125 2510 1191 2556 Y.;
1221 2510 1548 2559 Osten-Sacken.)

108 2574 242 2612 Nota.
300 2574 445 2625 Capitis
477 2574 596 2610 l'ornia
625 2578 661 2610 et
693 2575 897 2624 praecipue
927 2577 1181 2610 antennarum
1211 2573 1405 2612 simillima
1435 2575 1588 2625 quibus-

161 2639 248 2675 dam
277 2637 544 2682 Tetanoceris3
580 2635 654 2673 lioc
683 2640 721 2673 et
752 2636 952 2687 peculiaris
982 2636 1120 2673 frontis
1149 2636 1270 2687 figura
1300 2650 1452 2675 causam
1484 2651 1589 2688 prae·

160 2701 251 2740 bent
279 2701 473 2745 eximiam,
504 2704 544 2736 ut
574 2699 667 2736 haec
696 2700 842 2749 species
871 2711 942 2749 pro
972 2704 1068 2749 typo
1099 2699 1283 2737 habeatur
1313 2701 1422 2736 unius
1452 2714 1586 2739 eorum

159 2777 355 2815 generum,
386 2763 423 2800 in
454 2774 551 2812 quae
580 2760 845 2811 Sapromyzae
875 2760 1152 2812 discerpendae
1179 2766 1280 2799 sunt.
