1752 2978
162 149 183 183 4
714 146 761 181 Η.
793 146 923 180 Loew:
955 145 1123 195 Dtptera

162 251 481 304 aequalistctve’s3
510 249 771 300 venter-flavo
791 256 827 286 et
850 255 967 301 'nigro
984 249 1205 301 fasciatus„
1223 247 1376 298 fasciis
1397 251 1540 283 aulicis
1567 251 1696 297 nigris

161 320 342 364 utrinque
370 313 480 349 valde
508 312 749 349 abbreviatis.
780 334 829 340 ——
859 312 980 363 Long.
999 326 1102 362 corp.
1125 313 1175 359 5}
1195 311 1275 357 lin.‚
1305 309 1424 361 Long.
1446 309 1492 345 al.
1515 310 1590 358 Alf}
1613 309 1679 345 lin.

265 376 472 414 Simillima
502 374 620 411 Strat.
651 375 818 413 Normae
850 375 993 419 Wied.5
1028 374 1097 411 sed
1134 373 1222 424 pilis
1258 374 1377 410 totius
1415 374 1589 423 eorporis
1618 371 1697 408 lona

162 440 348 490 gioribus.,
378 438 473 476 facie
503 437 627 474 multo
657 439 893 476 convexiore
914 438 1001 488 pilis
1021 436 1386 481 subffltescentibus,
1415 448 1488 471 non
1520 435 1616 471 albis
1634 446 1698 470 ve·

162 502 267 547 suta,
297 500 534 549 maculisque
562 501 785 538 lateralibus
821 501 1007 552 segmenti
1043 498 1294 536 abdominalis
1331 498 1438 535 tertii
1467 497 1591 534 multo
1622 508 1697 533 ma-

162 565 308 614 joribus
337 564 501 601 diversa.
531 587 579 592 -—
609 563 741 614 Nigra,
770 565 857 614 pilis
887 561 1164 600 latescentibus
1194 561 1345 599 vestita.
1416 560 1543 610 Caput
1572 563 1697 597 totum

163 626 368 673 concolor,
406 627 503 664 facie
538 626 652 663 valde
681 628 875 673 eonver
906 626 993 676 pilis
1023 624 1276 675 longiusculis
1306 622 1603 667 lutescentibus‚
1631 621 1697 658 sed

162 703 284 740 prope
319 690 453 727 oeulos
490 689 745 726 albicantibus
784 690 934 726 vestita.
992 687 1207 724 Scutellum
1237 688 1397 731 ssavum„
1428 686 1506 723 basi
1532 683 1698 734 angulis-

161 765 237 803 que
264 751 484 790 lateralibus
505 752 633 802 nigris.
690 752 893 789 Abdomeu
914 751 1084 801 nigrum;
1113 754 1309 801 segmenta
1329 749 1542 787 secundum
1561 752 1600 785 et
1625 751 1697 784 ter-

160 816 257 852 tium
286 814 434 864 singula
464 815 647 864 utrinque
677 814 867 851 maculam
889 814 1084 851 lateralem
1106 813 1410 864 subtriangulam
1430 813 1581 856 flavam,
1608 809 1698 846 inde

161 891 180 915 3
211 878 384 928 margine
411 878 540 914 antico
580 889 700 926 usque
737 877 784 913 ad
813 877 1006 927 posticum
1042 876 1303 926 pertinentem
1332 875 1491 918 habent3
1527 885 1697 923 segmen-

162 946 242 977 tum
282 945 462 990 quartum
498 941 681 989 utrinque
716 940 755 976 in
794 941 964 990 margine
998 940 1151 990 postico
1186 940 1302 990 striga
1338 939 1439 975 flava
1476 940 1633 974 notatur
1660 939 1698 971 et

160 1003 309 1040 macula
339 1002 463 1040 media
493 1003 612 1045 flava„
657 1001 770 1051 longe
814 1002 1005 1052 triangula
1035 1003 1263 1040 instructum
1295 1006 1369 1047 est3
1417 1001 1457 1037 in
1498 1001 1698 1049 segmento

161 1066 298 1115 quinto
328 1066 424 1102 vitta
454 1065 622 1115 aequalis
641 1065 754 1111 flava,
783 1065 911 1103 antiee
930 1065 1045 1116 paulo
1066 1065 1288 1103 abbreviata
1308 1065 1564 1114 conspicitur3
1592 1073 1699 1113 prae-

160 1133 264 1166 terea
301 1128 492 1177 margines
530 1128 706 1165 laterales
740 1132 1030 1177 segmentorum
1064 1127 1154 1164 ssavi
1190 1132 1292 1165 sunt.
1357 1127 1503 1165 Venter
1529 1127 1630 1163 ssavo
1660 1128 1698 1161 et

160 1192 270 1241 nigro
300 1190 501 1233 fasciatus„
538 1190 664 1227 fasciis
693 1191 829 1227 aulicis
866 1191 983 1241 nigris
1013 1190 1125 1227 valde
1155 1190 1398 1228 abbreviatis.
1457 1190 1615 1228 Femora
1643 1188 1697 1224 ni-

159 1267 238 1304 gra,
267 1253 376 1303 apice
405 1253 636 1298 latescente,
675 1253 815 1290 triente
852 1252 974 1290 basali
1011 1254 1248 1303 postIcorum
1284 1255 1417 1305 piceo3
1453 1254 1572 1291 tibiae
1600 1252 1697 1287 lute-

158 1320 327 1362 scentes,
366 1316 579 1352 anteriores
616 1321 767 1365 praeter
801 1317 923 1353 basim
962 1320 999 1351 et
1035 1316 1183 1366 apicem
1221 1317 1449 1367 plerumque
1482 1314 1699 1356 subfuscae,

158 1379 332 1430 posticae
369 1377 449 1414 basi
480 1378 641 1427 excepta
676 1379 899 1423 subfuscae3
934 1379 1027 1415 tarsi
1062 1379 1315 1424 lutesoentes,
1350 1378 1522 1416 articulis
1551 1377 1695 1414 ultimis

159 1442 290 1480 fuscis.
349 1440 445 1477 Alae
472 1440 697 1477 infuscatae.
729 1462 780 1468 -
809 1441 1106 1489 (Connecticut3
1140 1441 1323 1490 Norton.)

209 1504 333 1542 Nota
365 1504 397 1539 l.
454 1502 605 1539 Nomen
636 1504 787 1552 generis
816 1504 915 1540 male
943 1503 1077 1540 fictum
1107 1505 1303 1555 aptissime
1333 1518 1353 1541 a
1381 1504 1532 1542 Zellero
1561 1503 1601 1539 in
1622 1501 1697 1538 Ho-

265 1566 482 1616 plomyiarn
513 1569 703 1602 mutatum
734 1570 810 1612 est3
846 1566 910 1603 sed
948 1570 1126 1603 auctores
1164 1567 1399 1604 recentiores
1428 1567 1617 1618 plerique,
1646 1565 1696 1601 fa-

261 1629 409 1665 miliam
445 1628 603 1664 nomine
639 1628 798 1665 omnino
836 1641 938 1665 novo
984 1633 1022 1666 et
1058 1631 1244 1667 inusitato
1279 1630 1472 1680 appellare
1507 1629 1696 1668 nolentes.

260 1704 404 1728 nomen
434 1703 454 1726 a
483 1689 634 1728 Zellero
669 1692 911 1742 propositum
949 1692 1148 1742 rejiciunt3
1184 1706 1271 1729 cum
1301 1693 1531 1743 quibusdam
1560 1704 1694 1729 eorum

261 1755 379 1806 igitur
406 1766 549 1790 nomen
580 1754 761 1790 usitatum
792 1755 830 1790 in
857 1753 1157 1805 Stratiomyiam
1186 1759 1338 1793 vertere
1366 1755 1493 1792 liceat.

208 1817 334 1856 Nota
363 1817 399 1853 2.
454 1815 661 1866 Segmeuta
707 1816 926 1854 abdominis
967 1818 1198 1855 intermedia
1239 1819 1277 1854 in
1322 1818 1517 1868 plerisque
1551 1816 1693 1866 specie-

261 1881 333 1918 bus
363 1879 544 1929 marginis
573 1879 712 1929 postici
741 1879 862 1916 latera
891 1879 1020 1917 colore
1048 1881 1149 1917 ssavo
1184 1881 1341 1919 limbata
1369 1880 1534 1924 habenta
1569 1880 1621 1915 ita
1651 1882 1694 1914 ut

260 1942 357 1981 fines
388 1941 567 1979 laterales
595 1941 736 1979 fasciae
765 1942 885 1979 flavae
920 1956 987 1979 seu
1023 1943 1198 1981 maculae
1233 1944 1332 1981 duae
1362 1948 1602 1981 transversae
1629 1940 1692 1978 ad-

261 2006 350 2048 sint„
380 2016 472 2053 quas
501 2004 637 2054 strigas
666 2004 860 2054 appellare
888 2016 1002 2042 ausus
1029 2019 1126 2043 sum.

260 2123 296 2159 5.
329 2124 661 2172 Stratiomyia
688 2123 910 2158 normula
938 2136 1027 2162 nov.
1045 2137 1101 2174 sp.
1132 2121 1172 2163 Ω.
1230 2124 1378 2174 Nigra,
1406 2122 1691 2170 albida-pilosa,

154 2190 282 2235 capite
310 2187 522 2230 cmucolore„
550 2186 704 2221 macula
720 2184 881 2235 frontis
899 2185 1026 2234 parmi
1053 2186 1180 2232 flava,
1208 2187 1367 2222 scutella
1384 2191 1541 2234 praeter
1558 2183 1691 2226 basim„

152 2253 342 2299 segmenti
371 2249 626 2285 abdominalis
654 2248 811 2284 secundi
840 2249 1001 2283 maculis
1030 2248 1254 2284 lateralibus
1286 2253 1458 2298 magnis„
1487 2248 1596 2283 tertia·
1624 2259 1691 2281 an-

150 2312 258 2362 gulis
287 2316 431 2348 canticis
459 2315 642 2347 extremc's
668 2312 882 2361 strigisque
909 2315 1104 2361 marginis
1130 2313 1274 2360 postici
1295 2311 1531 2355 lateralibus„
1559 2309 1692 2360 quarti

152 2374 308 2411 macuta,
342 2376 468 2410 medici
502 2375 728 2424 linteolisque
762 2378 997 2409 transversis
1038 2379 1231 2425 marginis
1269 2379 1413 2424 postici
1455 2371 1690 2415 lateralibus,

151 2438 253 2474 vitta,
281 2437 442 2487 denique
468 2441 658 2486 segmenti
687 2440 831 2487 quinti,
866 2441 1015 2485 postico
1047 2438 1166 2485 paulo
1201 2439 1340 2474 latiore
1354 2436 1490 2487 slavis
1518 2436 1576 2472 vel
1601 2438 1691 2470 viri-

151 2499 261 2536 dibus
270 2513 284 2545 ς
310 2505 441 2535 venter
468 2503 594 2548 niger,
611 2499 758 2548 fascia
785 2503 972 2549 segmenti
1001 2500 1161 2535 secundi
1186 2504 1341 2548 postica
1366 2503 1604 2549 postici-sque
1631 2511 1689 2532 se-

149 2567 396 2614 gmentorum
437 2562 672 2611 reliquorum
714 2562 957 2612 marginibus
986 2561 1122 2611 slavis
1163 2563 1221 2598 vel
1254 2562 1453 2599 viridibus.
1484 2583 1530 2588 -
1569 2559 1689 2609 Long.

154 2637 260 2675 corp.
293 2625 370 2673 4÷÷
399 2623 478 2668 lin.,
507 2622 627 2673 Long.
658 2624 708 2660 al.
737 2626 760 2660 4
789 2624 856 2660 lin.

257 2695 317 2733 Ex
346 2695 523 2733 affinibus
552 2695 831 2746 Stratiomyiae
861 2709 1035 2739 normae,
1062 2697 1131 2734 sed
1152 2698 1296 2742 minor3
1328 2697 1426 2733 facie
1454 2695 1538 2733 tota
1567 2696 1689 2746 nigra,

151 2759 299 2797 macula
328 2759 430 2797 flavii
458 2758 596 2795 frontis
625 2759 786 2802 minuta,
818 2759 912 2795 vitta
942 2759 1042 2796 flava
1069 2759 1259 2809 segmenti
1281 2757 1533 2797 abdominalis
1561 2758 1688 2807 quinti
