1752 2978
168 115 248 152 240
740 113 789 150 Η.
825 114 955 150 Loew:
988 113 1156 164 Diptera

271 225 313 271 ῼ.
331 220 470 272 facies
498 224 533 256 et
541 218 669 270 frons
684 220 1042 269 fitsco-polle'nosae,
1072 221 1140 258 illa
1159 225 1288 257 tamen
1309 220 1494 258 adversus
1512 225 1712 273 margines

161 286 306 333 polline
333 283 507 321 exalbido
536 296 718 332 aspersa3
746 284 919 320 thoracis
947 284 1104 321 dorsum
1123 289 1246 321 totum
1256 283 1447 335 fuscum,·
1475 286 1560 322 alae
1579 290 1711 338 nigro-

155 349 321 398 fuscae‚
358 348 510 384 ”inculti
544 346 690 397 parmi,
727 354 817 384 ame
851 352 1000 397 apicem
1036 354 1167 385 costae
1195 348 1386 399 contigua
1415 350 1712 402 cellularumque

164 415 410 464 singularum
439 413 547 448 disco
575 412 701 448 elutis.

271 476 390 527 Long.
422 489 529 527 corp.
560 474 797 525 2†÷—3T⁷3
818 474 899 520 lin.7
929 474 1034 525 long.
1063 473 1111 513 al.
1141 474 1192 523 22}
1211 474 1408 525 —2g-lin.

271 540 380 580 Mas:
410 539 532 577 Frons
562 544 600 577 et
620 539 737 576 facies
759 538 903 589 polline
923 538 1210 583 candidissimo,
1239 539 1320 577 fere
1340 540 1712 590 argenteo-micante

163 604 369 642 confertim
398 607 538 648 tectae,
568 602 631 639 illa
659 603 774 649 nuda,
805 602 898 640 haec
924 601 1009 653 pilis
1040 602 1244 654 perpaucis
1272 603 1589 653 tenuissimisque
1616 602 1712 640 albis

162 681 334 718 aspersa3
370 671 523 717 mystax
560 666 744 718 simplex,
780 666 995 704 exalbidus.
1056 666 1260 704 Antennae
1296 671 1403 704 totae
1440 667 1590 717 nigrae,
1625 667 1712 705 arti-

164 731 259 768 culis
290 730 439 769 duobus
467 731 600 782 primis
630 730 868 780 aequalibus,
898 731 1015 768 tertio
1045 730 1234 768 susiformi
1258 731 1578 782 praecedentibus
1597 732 1712 769 simul

162 796 300 832 sumtis
330 794 445 845 paulo
468 794 658 845 longiore,
687 794 791 844 stylo
813 794 1005 832 terminali
1028 794 1179 839 lineari,
1209 799 1336 835 acutoi
1366 794 1539 833 articulis
1560 796 1713 833 duobus

164 860 298 910 primis
327 858 439 895 simul
469 859 605 896 sumtis
635 859 826 896 breviore.
882 858 1042 895 Thorax
1071 858 1221 905 fuscus,
1257 871 1420 910 opacus,
1459 859 1574 897 dorso
1606 860 1712 896 vittis

163 923 288 959 tribus
327 921 589 971 nigro-fuscis
629 925 664 959 et
696 923 823 960 antice
853 922 1014 959 maculis
1044 921 1192 960 duabus
1223 923 1369 972 magnis
1400 923 1712 973 candido-polli-

162 986 268 1023 nosis
299 990 450 1023 ornato.
509 984 671 1023 Pleurae
693 986 840 1037 polline
861 1000 907 1024 ex
930 986 1122 1024 ochraceo
1143 986 1327 1024 subfusco
1349 999 1538 1036 aspersae,
1570 987 1713 1037 polline

164 1054 290 1086 tamen
322 1050 440 1087 vittae
470 1049 619 1087 mediae
647 1055 683 1087 et
714 1063 898 1087 coxarum
929 1051 1145 1087 anticarum
1176 1051 1490 1101 posticarumque
1509 1051 1710 1088 albicante.

163 1113 369 1150 Ahdomen
398 1117 525 1150 totum
555 1113 814 1163 aequilatum,
852 1114 1002 1152 modice
1032 1127 1265 1155 convexum„
1295 1113 1540 1164 laevigatum„
1571 1114 1713 1160 rufum,

163 1176 398 1227 marginibus
427 1176 650 1214 lateralibus
679 1182 967 1228 segmentorum
993 1178 1233 1229 singulorum
1256 1177 1576 1229 albo-polliuosis.
1634 1178 1712 1228 Hy-

163 1241 376 1291 popygium
408 1252 580 1290 parvum,
615 1241 744 1279 rufum
777 1241 835 1279 vcl
867 1255 914 1279 ex
945 1243 1032 1280 rufo
1063 1243 1230 1279 badium.
1288 1241 1409 1280 Pedes
1439 1244 1529 1287 rufi3
1566 1242 1712 1280 femora

163 1305 355 1341 anteriora
386 1304 570 1341 adversus
600 1305 748 1354 apicem
780 1305 986 1352 latissime,
1016 1307 1164 1357 postica
1195 1307 1321 1343 minus
1351 1305 1429 1344 late
1458 1306 1711 1356 nigro-susem

164 1368 280 1405 tibiae
320 1368 532 1405 anteriores
562 1369 745 1406 adversus
775 1371 922 1421 apicem
954 1371 1106 1417 fuscae,
1142 1370 1316 1420 posticae
1346 1371 1622 1419 nigro-fuscam
1657 1382 1712 1407 ar-

163 1432 271 1469 ticuli
307 1431 446 1482 singuli
477 1434 668 1468 tarsorum
701 1434 874 1470 omnium
904 1434 1088 1471 adversus
1117 1434 1265 1484 apicem
1298 1434 1533 1485 nigro-fusci.
1593 1431 1712 1471 Pedes

163 1496 301 1547 postici
345 1495 531 1545 elongati„
577 1495 678 1532 tibiis
721 1496 954 1535 subclavatis
991 1498 1177 1548 tal-sisque
1213 1497 1469 1535 validissimis.
1533 1496 1709 1534 Halteres

164 1560 308 1610 magni,
340 1559 441 1596 ssavi.
500 1558 596 1596 Alae
628 1560 904 1610 nigro-fuscae,
937 1561 1120 1599 adversus
1150 1561 1332 1612 angulum
1363 1561 1563 1598 axillarem
1594 1560 1709 1611 paulo

163 1624 382 1668 dilutiores5
421 1623 570 1659 macula
601 1625 716 1673 parva
747 1624 872 1671 eluta,
907 1625 1009 1663 inter
1037 1630 1185 1662 costam
1216 1629 1254 1662 et
1285 1625 1406 1663 basim
1437 1625 1597 1663 cellulae
1625 1624 1712 1662 sub-

162 1687 383 1735 marginalis
411 1687 604 1724 secundae
622 1689 715 1733 sitan
746 1688 882 1726 cellula
905 1690 1099 1740 posterior
1119 1693 1254 1739 quarta
1276 1690 1426 1740 apicem
1447 1702 1578 1727 versus
1601 1688 1712 1726 valde

162 1755 364 1802 angustata
395 1755 433 1789 et
464 1752 603 1789 cellula
634 1753 754 1790 analis
784 1753 924 1791 clausa.

272 1815 514 1853 Foemina:
565 1816 683 1854 Frons
720 1816 1074 1867 fusco-pollinosa3
1116 1817 1232 1855 facies
1270 1816 1629 1867 albido-polliuosa‚
1672 1815 1710 1852 in

163 1879 268 1916 disco
305 1883 432 1917 tamen
471 1880 616 1929 polline
651 1881 832 1918 subfusco
870 1882 1073 1920 instructa.
1135 1881 1320 1919 Thoracis
1358 1882 1515 1918 dorsum
1552 1879 1712 1918 maculis

164 1943 573 1995 candido-pollinosis‚
610 1944 752 1995 quibus
782 1957 861 1981 mas
892 1950 1070 1991 ornatur,
1100 1944 1215 1997 plane
1245 1945 1488 1983 destitutum.
1547 1944 1643 1982 Alae
1673 1949 1713 1980 ut

163 2007 200 2042 in
230 2019 335 2043 mare
364 2008 638 2057 nigro-fuscaeq
668 2008 732 2045 sed
766 2008 897 2046 colore
927 2009 1182 2058 nigro-fusco,
1212 2021 1309 2059 quae
1339 2009 1376 2045 in
1401 2008 1468 2045 alis
1490 2008 1602 2045 maris
1625 2021 1711 2045 eon-

162 2070 337 2120 spicitur,
365 2071 403 2107 in
435 2072 659 2109 cellularum
689 2071 927 2121 singularum
960 2073 1068 2111 disco
1099 2073 1177 2110 late
1199 2072 1316 2110 eluto.
1374 2071 1417 2109 In
1437 2071 1597 2123 reliquis
1619 2072 1712 2109 mari

162 2133 368 2171 simillima.
391 2156 437 2162 -
471 2134 637 2181 (Texas;
669 2135 878 2186 Belfrage.)

269 2195 403 2235 Nota.
462 2197 519 2236 Ex
548 2199 626 2237 illis
649 2200 849 2237 Amr-ricae
869 2200 1186 2250 septentrionalis
1206 2200 1546 2250 Dasypogovzin1‘3‚
1576 2199 1715 2250 quibus

163 2271 260 2310 apex
292 2261 470 2299 tibiarum
502 2263 716 2300 anticarum
747 2263 855 2313 spina
886 2268 1054 2301 armatus
1085 2269 1139 2302 est
1172 2268 1209 2300 et
1229 2276 1363 2301 omnes
1384 2264 1532 2300 alarum
1555 2263 1717 2302 cellulae

165 2325 397 2373 posteriores
427 2331 583 2377 apertae
613 2331 722 2372 sunt,
756 2327 828 2363 tria
860 2340 1000 2378 genera
1032 2327 1322 2365 constituantur
1351 2340 1506 2365 necesse
1534 2330 1602 2365 est.
1657 2326 1717 2364 Ac

162 2387 330 2437 primum
357 2401 491 2426 eorum
516 2390 701 2426 Ditictm'a
722 2397 1003 2440 octopunctaea
1023 2390 1104 2441 Say
1125 2391 1279 2431 format.
1327 2390 1540 2428 Schinerus
1561 2391 1716 2440 quidem

164 2452 201 2487 in
232 2450 445 2489 Annalibus
475 2454 609 2491 societ.
642 2454 742 2490 zool.
774 2459 811 2491 et
834 2453 964 2493 botan.
993 2454 1217 2492 Vindobon.
1249 2453 1465 2502 (Schriften
1496 2453 1531 2491 d.
1557 2453 1718 2491 Wiener

164 2513 264 2552 zool.
296 2515 376 2552 bot.
408 2514 619 2553 Gesellsch.
650 2516 761 2554 XVI.
795 2518 914 2567 1846)
944 2531 1005 2556 me
1034 2520 1160 2569 arguit
1181 2518 1279 2556 hanc
1298 2518 1484 2568 speciem,
1513 2530 1614 2567 quae
1634 2518 1717 2567 jure

164 2578 210 2614 ad
240 2578 447 2616 Dim-trias
475 2580 676 2626 referatur,
708 2581 932 2618 Diocli-iam
962 2595 1044 2619 esse
1073 2582 1217 2630 injuria
1244 2582 1467 2631 negavisse3
1495 2585 1534 2618 at
1565 2581 1622 2618 vir
1652 2581 1718 2618 do·

165 2643 369 2687 ctissimus,
399 2644 431 2681 si
463 2644 589 2681 miuus
619 2644 758 2682 leviter
787 2658 866 2682 rem
897 2646 1169 2689 examinasset,
1199 2645 1274 2682 hoc
1302 2643 1498 2681 affirmare
1519 2657 1595 2680 non
1618 2649 1718 2682 esset

165 2718 301 2752 ausu33
337 2707 484 2745 scilicet
519 2707 742 2758 diligentius
779 2708 964 2759 inspectis
997 2709 1117 2746 Musei
1151 2707 1492 2746 Wiedemauniani
1531 2708 1719 2759 exemplis

167 2768 279 2804 tibias
301 2771 447 2807 anticas
474 2771 587 2821 spina
608 2770 796 2809 terminali
820 2773 958 2809 muniri
984 2777 1092 2809 certo
1115 2773 1287 2809 vidisset.
1340 2772 1575 2808 Tar-acticus
1599 2772 1718 2822 igilur
