1752 2978
102 107 182 145 260
656 103 707 141 H.
738 103 869 140 Loew:
900 103 1072 151 Diptera

103 213 214 251 latius
251 217 287 251 et
318 212 491 255 brevius,
529 209 628 246 laete
666 208 901 254 violaceum,
939 207 1251 258 albo-pilosum,
1287 211 1486 258 segmento
1517 211 1644 245 tamen

103 277 219 314 tert10
248 280 398 328 praeter
428 273 616 323 margines
648 271 825 309 laterales
846 271 1103 322 nigro-piloso
1125 275 1164 309 et
1184 271 1373 320 segmenti
1393 271 1520 320 quarti
1541 270 1645 307 disco

102 344 254 390 praeter
281 338 378 390 pilos
409 337 518 374 albos
548 335 635 387 pilis
665 334 903 373 brevioribus
933 335 1051 385 nigris
1081 335 1237 374 vestito,
1293 333 1413 372 Pedes
1447 335 1520 371 toti
1550 334 1645 383 nigri

101 408 140 441 et
161 401 398 452 albo-pilosi3
428 400 575 438 femora
596 400 744 451 postica
767 397 907 444 valida,
927 398 992 436 sed
1016 411 1091 434 non
1114 398 1334 442 incrassata,
1355 410 1477 448 prope
1498 398 1645 448 apicem

101 466 198 503 infra
231 464 431 502 subexcisa
467 468 503 501 et
533 463 669 501 setulis
698 463 830 512 rigidis
861 462 977 512 nigris
1009 462 1211 499 instructa.
1268 461 1473 498 Halterum
1502 461 1645 511 pedun-

100 529 206 566 culus
236 527 378 572 suseus,
408 526 619 576 capitulum
650 525 771 564 dilute
791 526 991 571 [lavicans3
1022 525 1174 575 tegulae
1194 524 1313 564 albae.
1362 524 1456 562 Alae
1476 524 1644 561 cinereo-

100 591 292 642 byalinae,
321 590 505 629 adversus
534 591 684 642 apicem
714 590 922 627 saturatius
952 590 1139 634 cinereae,
1170 587 1311 626 cellula
1340 587 1477 626 costali
1498 587 1645 638 apicem

100 669 231 693 versus
260 659 297 693 et
326 655 504 705 stigmate
534 658 617 691 toto
647 652 769 690 dilute
799 653 1011 699 infuscatis,
1042 653 1150 690 venis
1169 652 1426 702 fusco-nigris,
1456 657 1645 690 transver-

97 718 239 756 salibus
269 718 436 755 tenuiter
465 716 778 754 fusco-limbatis.
800 739 847 744 —
880 716 1205 766 (Pennsylvania3
1239 716 1401 764 Auxer.)

204 781 338 820 Nota.
373 781 551 832 Speciem
583 780 696 826 haue,
726 781 899 831 corporis
919 780 1041 818 forma
1065 793 1109 818 ac
1128 779 1250 831 figura
1271 781 1373 817 inter
1393 780 1646 816 Criorrhinas

98 851 137 884 et
171 846 468 896 Brachypalpos
510 843 618 894 quasi
654 843 948 891 intermediam,
981 849 1140 895 propter
1177 843 1368 881 femorum
1407 844 1645 895 posticorum

96 911 283 947 fabricam
314 909 681 959 Brachypalpornm
711 908 843 958 generi
871 908 1033 953 inse1·ui;
1063 907 1158 945 facie
1187 908 1286 945 infra
1315 908 1412 944 mire
1443 906 1645 958 producta.

98 975 149 1011 ita
182 978 219 1009 ut
253 974 446 1010 Chilosioe
479 977 713 1022 personulae
741 969 827 1008 va.
864 971 999 1009 similis
1034 972 1105 1018 sit,
1143 971 1188 1008 ab
1226 976 1393 1022 utroque
1422 983 1562 1021 genere
1592 969 1644 1006 di-

95 1038 235 1089 stingui
265 1040 304 1075 et
333 1049 453 1087 genus
483 1048 629 1073 novum
659 1035 898 1074 constituere
927 1039 1067 1086 potest.

201 1155 261 1192 52.
294 1153 567 1203 Myiolepta
601 1158 772 1203 nigra,
811 1165 900 1189 nov.
939 1165 997 1203 sp.
1025 1153 1140 1199 ῼ,--
1169 1150 1328 1203 Nigra,
1363 1151 1512 1198 nitida,
1548 1150 1645 1201 pube

95 1218 181 1255 alba
213 1221 372 1264 vestita,
409 1223 605 1254 {ursorum
638 1221 898 1266 posteriorum
934 1216 1116 1253 orte'culis
1161 1215 1284 1252 tribus
1317 1220 1456 1263 primis
1490 1215 1645 1252 sordide

96 1281 379 1326 lacescentibus,
408 1282 482 1317 alis
510 1280 736 1328 infuse-atis.
759 1301 807 1306 —-
839 1278 959 1330 Long.
991 1292 1097 1330 corp.
1126 1279 1275 1328 331in„
1304 1279 1406 1330 long.
1437 1278 1483 1316 al.
1515 1279 1539 1316 3
1559 1278 1626 1316 lin.

205 1357 334 1408 Nigra,
364 1357 507 1404 nitida,
545 1360 628 1394 tota
658 1356 993 1408 albo-pubescens.
1050 1355 1172 1394 Frons
1203 1356 1386 1407 utrinque
1414 1355 1564 1393 macula
1593 1355 1644 1391 al-

96 1421 395 1473 bido-pollinosa
425 1424 572 1459 notata.
623 1420 830 1459 Antennae
858 1420 1131 1471 fusco-nigrae.
1183 1420 1312 1458 Facies
1342 1432 1526 1465 concava,
1546 1419 1643 1470 peri-

95 1488 237 1525 stomio
267 1485 381 1523 valde
409 1485 624 1537 producto,
654 1485 796 1529 nitida,
827 1484 947 1523 fascia
974 1485 1125 1536 supera,
1155 1483 1391 1535 marginibus
1420 1482 1644 1520 lateralibus

95 1556 132 1589 et
170 1551 351 1601 utrinque
385 1548 525 1587 vinula
554 1547 711 1598 oblique
740 1549 787 1586 ad
817 1549 1087 1599 peristomium
1117 1548 1279 1586 demissa
1308 1546 1642 1599 albo-pollincsis.

97 1615 228 1664 Margo
263 1614 413 1651 anticus
443 1613 613 1651 thoracis
643 1612 788 1664 polline
817 1612 906 1650 albo
938 1626 1124 1665 aspersus.
1184 1611 1306 1650 Pedes
1334 1611 1452 1662 nigri,
1489 1609 1642 1647 articuli

97 1684 172 1716 tres
202 1678 314 1728 primi
335 1682 526 1714 tarsorum
546 1678 804 1727 posteriorum
825 1677 981 1715 sordide
1002 1677 1235 1715 lutescentes
1257 1675 1314 1713 vel
1335 1674 1492 1713 sordide
1513 1673 1641 1720 albidi,

97 1742 355 1793 posteriorum
392 1745 522 1778 tamen
559 1740 690 1778 colore
725 1741 958 1779 saturatiorc
995 1745 1031 1779 et
1069 1741 1252 1778 adversus
1291 1739 1410 1777 basim
1448 1742 1640 1775 tarsorum

96 1806 134 1842 in
167 1804 391 1843 subfuscum
427 1808 611 1855 vergente
647 1805 753 1855 picti.
811 1803 986 1843 Halteres
1026 1804 1151 1842 dilute
1181 1805 1451 1849 flavescentes,
1489 1801 1642 1851 tegulae

94 1868 216 1906 albae.
273 1869 368 1907 Alae
395 1869 619 1915 infuscatae,
647 1869 833 1906 adversus
854 1870 1066 1920 marginem
1089 1868 1282 1920 posticum
1304 1867 1489 1913 cinereae,
1519 1865 1640 1903 basim

96 1945 225 1970 versus
255 1931 448 1982 hyalinae.
470 1954 520 1960 —
551 1930 875 1983 (Pennsylvania3
905 1933 1070 1982 Auxer.)

200 2050 262 2088 53.
295 2050 571 2101 Myiolepta
607 2063 767 2094 aerea,
803 2062 892 2086 nov.
932 2063 988 2100 sp.
1018 2050 1060 2096 ῼ.
1089 2071 1139 2076 -
1176 2049 1463 2095 Viridi-aenea,
1498 2051 1640 2092 nitens,

94 2119 269 2165 margine
298 2118 428 2151 antico
447 2113 619 2162 frontis,
648 2117 764 2150 tertio
793 2120 1077 2151 anulevmarum
1107 2114 1275 2150 articulo
1298 2112 1388 2162 fere
1407 2118 1501 2158 loto,
1528 2111 1639 2148 libia-

94 2192 177 2213 rum
212 2178 294 2214 basi
330 2184 365 2215 et
402 2182 509 2225 apice
542 2182 735 2224 extremo,
777 2182 898 2214 tarsis
934 2179 1094 2229 denique
1127 2183 1283 2227 praeter
1317 2177 1506 2214 articulos
1544 2176 1640 2212 duos

93 2242 249 2278 ultimos
268 2242 379 2291 rufis,
399 2242 473 2279 alis
493 2241 776 2279 latescentibus.
799 2264 844 2269 -
868 2239 988 2292 Long.
1011 2254 1104 2293 corp
1123 2241 1296 2290 3÷2¹511n.,
1315 2241 1420 2292 long.
1440 2240 1486 2277 al.
1504 2240 1553 2289 3}
1572 2238 1637 2276 lin.

200 2317 478 2364 viridi-aenea,
526 2318 673 2364 nitens,
721 2317 823 2368 pube
871 2319 976 2356 brevi
1024 2319 1254 2356 flavescente
1297 2317 1448 2355 vestita.
1520 2316 1638 2353 Frons

93 2381 276 2431 utrinque
305 2381 458 2418 macula
486 2381 804 2432 albo-pollinosa
833 2386 966 2419 notata
997 2387 1035 2420 et
1063 2395 1179 2434 supra
1208 2385 1394 2419 antennas
1424 2380 1637 2418 rufo-mar-

92 2445 230 2494 ginata.
291 2443 378 2481 Duo
409 2444 522 2494 primi
551 2450 806 2483 antennarum
836 2445 987 2484 articuli
1019 2446 1265 2496 nigro-fusci,
1295 2444 1481 2483 articulus
1500 2444 1637 2482 tertius

93 2519 206 2556 quam
237 2508 274 2544 in
298 2508 527 2558 Myioleplis
550 2510 668 2559 nigro
697 2514 734 2547 et
762 2510 943 2559 vor-ipede
972 2510 1106 2561 major,
1137 2523 1225 2548 vere
1253 2509 1456 2553 rotundus,
1484 2507 1638 2545 sordide

90 2570 217 2616 rusus,
255 2571 437 2609 adversus
472 2572 684 2621 marginem
713 2586 893 2624 superum
925 2574 1003 2612 late
1031 2574 1232 2620 suscescit,
1268 2577 1350 2610 seta
1380 2576 1635 2609 antennarum

90 2631 204 2670 lutea.
257 2633 388 2672 Facies
417 2648 599 2681 concava,
620 2641 773 2686 praeter
800 2638 955 2675 vittulas
975 2637 1347 2689 albido-pollinosas,
1368 2636 1413 2674 ab
1434 2634 1634 2672 oculorum

90 2696 260 2745 margine
290 2698 418 2735 antico
448 2700 494 2736 ad
524 2699 793 2750 peristomium
825 2702 979 2739 modice
1009 2702 1244 2752 productum
1275 2700 1431 2750 oblique
1451 2699 1635 2735 demissas

90 2760 171 2794 tota
204 2758 334 2797 nitida.
402 2761 531 2814 Margo
568 2764 717 2801 anticus
753 2764 921 2802 thoracis
959 2765 1104 2815 polline
1142 2765 1230 2802 albo
1270 2764 1405 2802 leviter
1441 2775 1630 2813 aspersus.
