1752 2978
171 125 244 163 166
736 124 785 160 H.
821 125 950 160 Loew:
979 124 1147 173 Diptera

164 229 331 266 thoracis
361 229 486 265 minus
515 227 760 278 incompletis
788 227 1107 278 fuscioribusque,
1137 226 1232 264 vitta
1255 225 1471 264 abdominis
1493 226 1617 264 media
1647 225 1699 263 di-

163 292 365 329 stinctiore
401 290 627 340 alarumque
663 289 810 327 cellulis
847 290 1125 341 posterioribus
1161 290 1283 326 rarius
1320 289 1520 327 maculatis
1558 288 1698 325 differi..

165 353 311 391 Cellula
341 354 535 404 posterior
561 353 683 403 prima
713 357 863 404 praeter
891 352 1008 390 basim
1043 357 1080 391 et
1117 352 1304 389 maculam
1342 352 1503 389 mediam
1533 351 1699 402 plerum-

165 429 239 466 que
274 416 354 453 fere
387 420 468 453 tota
504 415 651 461 albida;
686 415 848 453 cellulae
884 416 1115 466 posteriores
1149 414 1318 462 reliquae
1355 418 1505 464 praeter
1542 418 1700 464 quartae

164 479 283 515 basim
319 478 547 528 plerumque
581 478 869 523 immaculatae,
906 479 1028 515 rarius
1060 476 1361 514 submaculatae.
1418 476 1698 527 Hypopygium

165 541 393 591 hypopygio
424 540 584 592 Tipnlae
614 541 758 578 fallacis
786 540 926 585 simile,
953 540 1019 578 sed
1047 538 1322 590 appendicibus
1343 539 1519 589 pendulis
1550 539 1701 576 distitu-

165 608 267 649 tum,
296 603 442 640 terebra
471 604 599 654 picea,
637 603 800 640 lamellis
828 603 1091 653 superioribus
1120 601 1256 646 rectis,
1287 601 1480 648 tenuibus,
1509 601 1700 639 testaceis.

167 688 215 693 —
247 666 429 715 (District
458 665 679 712 Columbia,
708 664 1031 713 Ostcn-Sacken.)

274 794 332 830 12.
385 793 560 841 Tipula
589 793 802 828 discolor
838 802 927 828 nov.
957 805 1011 842 sp.
1063 789 1104 831 Ω.
1166 791 1328 827 Thorax
1363 795 1556 836 cinereus,
1592 794 1701 827 vitiis

168 855 449 901 concoloribus,
486 854 697 906 subfusco·
715 856 967 905 marginalis,
998 855 1123 892 medici
1153 857 1330 905 integra,-
1366 854 1549 890 abdomen
1578 858 1698 890 lesla-

168 933 285 966 ceum,
313 921 703 969 nigro-trivillalum,
740 919 822 954 alae
852 930 899 954 ex
915 917 1042 968 fusco
1071 921 1243 953 cinereae
1270 918 1432 952 maculis
1460 920 1702 967 nigricanti-

167 982 235 1018 bus
262 980 466 1025 subnullis,
504 980 641 1017 albidis
678 981 934 1030 compluribus
974 984 1219 1031 variegatae,
1256 981 1416 1016 maculis
1444 993 1513 1016 nec
1542 979 1704 1016 obscura

168 1049 209 1081 in
238 1045 458 1081 cellularum
493 1043 680 1080 basalium
716 1048 848 1081 initio.
886 1057 954 1080 nec
990 1043 1128 1079 albidis
1164 1048 1204 1079 in
1236 1047 1389 1092 postico
1419 1043 1570 1079 alarum
1599 1056 1702 1078 mar-

166 1111 272 1158 gine,
301 1107 445 1143 cellulis
472 1106 752 1155 poslerioribus
778 1112 934 1157 praeter
961 1106 1080 1142 basim
1108 1106 1273 1142 albidum
1300 1110 1450 1155 primae
1477 1111 1512 1142 et
1541 1111 1704 1156 quarlae

169 1171 439 1208 immaculatis.
470 1191 519 1195 ——
549 1168 669 1219 Long.
700 1182 803 1220 corp.
833 1170 885 1218 9}
912 1169 995 1215 lin.,
1025 1167 1145 1217 Long.
1177 1168 1223 1204 al.
1254 1168 1279 1206 8
1309 1167 1375 1204 lin.

275 1232 402 1283 Caput
430 1232 550 1269 dilute
578 1233 784 1269 cinereum.
842 1231 1023 1268 Rostrum
1055 1244 1103 1267 ex
1131 1230 1237 1268 luteo
1268 1230 1547 1281 ferrugineum,
1578 1230 1704 1267 lateri-

169 1296 237 1333 bus
265 1294 564 1332 obscurioribus.
622 1294 727 1343 Palpi
766 1294 994 1344 ferruginei,
1030 1294 1178 1344 apicem
1216 1306 1343 1330 versus
1378 1307 1425 1330 ex
1454 1293 1562 1330 fusco
1593 1293 1703 1344 nigri.

169 1359 376 1397 Antennae
405 1358 629 1403 mediocres,
658 1370 772 1408 scapo
803 1358 1013 1408 primisque
1034 1355 1175 1405 flagelli
1204 1355 1373 1393 articulis
1393 1355 1519 1401 luteis,
1547 1368 1705 1404 sequen-

170 1421 270 1459 tibus
300 1420 486 1458 subfuscis
516 1424 553 1457 et
582 1422 619 1457 in
651 1420 730 1457 basi
760 1421 892 1471 nigris,
921 1419 1080 1469 reliquis
1110 1419 1204 1455 totis
1233 1419 1361 1469 nigris.
1418 1418 1574 1455 Thorax
1604 1419 1704 1455 cine-

170 1497 334 1529 rascens,
364 1483 470 1520 vittis
499 1483 583 1520 latis
613 1483 793 1529 cinereis,
823 1482 948 1520 media
978 1481 1148 1531 integra,
1184 1481 1362 1519 omnibus
1398 1480 1590 1518 subtiliter
1619 1480 1704 1518 sub-

171 1546 537 1596 fusco-marginatis.
591 1545 807 1582 Scutellum
835 1546 1059 1589 flavescens3
1091 1549 1329 1581 metanotum
1351 1544 1471 1581 dilute
1499 1544 1704 1581 cinereum.

172 1610 372 1648 Abdomen
407 1613 618 1646 testaceum
656 1607 715 1645 vel
752 1607 987 1653 latericium,
1017 1608 1125 1657 nigro
1155 1607 1410 1652 trivittatum,
1454 1607 1549 1644 vitta
1580 1607 1704 1644 media

171 1672 392 1710 lateralibus
419 1672 568 1709 latiore.
625 1670 790 1708 Terebra
820 1669 944 1716 badia,
974 1669 1135 1707 lamellis
1164 1669 1428 1720 superioribus
1457 1671 1590 1715 rectis,
1618 1682 1705 1707 acu·

171 1737 232 1774 tis.
288 1734 494 1772 Femorum
524 1746 621 1784 apex
651 1733 864 1771 subfuscus.
922 1732 1016 1769 Alae
1044 1745 1090 1769 ex
1114 1732 1219 1770 fusco
1250 1733 1434 1779 cinereae,
1464 1733 1623 1770 maculis
1652 1733 1706 1769 ni-

173 1797 407 1850 gricantibus
435 1796 635 1843 subnullis,
664 1796 728 1833 sed
757 1796 892 1833 albidis
922 1794 1184 1845 compluribus
1220 1793 1468 1845 variegatae,
1491 1796 1628 1845 stigma
1658 1808 1706 1832 ex

172 1862 283 1912 nigro
313 1861 481 1903 fuscumg
519 1858 666 1896 macula
705 1859 869 1896 obseura
906 1859 942 1895 in
981 1857 1205 1895 cellularum
1243 1858 1428 1895 basalium
1459 1858 1572 1894 initio
1602 1857 1706 1894 nulla

174 1928 212 1961 et
239 1922 410 1960 maculae
438 1920 565 1958 nullae
595 1921 803 1959 albicantes
833 1922 871 1957 in
902 1921 1052 1971 postico
1082 1921 1226 1958 alarum
1259 1920 1449 1971 margine,
1478 1920 1705 1958 cellularum

173 1986 431 2038 posteriorum
463 1984 585 2034 prima
615 1988 654 2020 et
682 1988 816 2033 quarta
846 1984 885 2019 in
914 1983 993 2021 basi
1023 1983 1250 2031 albicantes,
1286 1983 1458 2035 reliquae
1485 1982 1704 2021 immacula-

174 2054 248 2086 tae.
278 2070 327 2076 —
357 2046 671 2095 (Massachusets,
700 2045 906 2094 Scudder.)

283 2173 341 2210 13.
375 2172 549 2220 Tipula
576 2170 895 2220 sub-fasciala
924 2184 1011 2207 nov.
1041 2185 1095 2221 sp.
1127 2169 1178 2213 0⁷.
1236 2172 1409 2217 Cinerea,
1439 2174 1549 2206 villis
1577 2172 1704 2206 thora-

175 2241 231 2273 cis
258 2236 376 2285 paulo
404 2234 685 2270 obscurioribus
712 2234 979 2278 subobsoletiS,
1015 2235 1140 2270 medici
1168 2235 1314 2280 (livisci,
1348 2233 1546 2270 abdomine
1575 2234 1705 2270 lateri—

176 2298 615 2347 cio.fitsco·lrivillaio
644 2297 712 2345 (?);
748 2298 833 2332 alae
869 2301 1081 2347 angustae,
1111 2310 1158 2333 ex
1185 2298 1302 2348 nigro
1332 2301 1516 2342 cinereae,
1547 2297 1707 2333 maculis

176 2361 400 2408 nuajusculis
429 2360 566 2396 albidis
593 2365 838 2411 variegatae,
871 2360 1023 2395 macula
1051 2360 1212 2396 obscura
1240 2364 1389 2410 insigni
1417 2365 1457 2396 in
1485 2361 1706 2396 cellularum

176 2424 362 2461 basalium
390 2424 505 2458 initio
532 2423 639 2459 nulla
674 2424 862 2473 nullisque
897 2422 1034 2458 albidis
1070 2426 1111 2458 in
1145 2428 1296 2471 postico
1333 2424 1483 2459 alarum
1518 2425 1707 2474 margine,

178 2487 398 2524 cellularum
433 2490 689 2534 posteriorum
723 2488 853 2535 prima
884 2490 1041 2535 praeter
1074 2485 1192 2521 basim
1236 2493 1270 2522 el
1314 2487 1503 2522 maculam
1545 2486 1705 2521 mediam

197 2563 258 2586 ere
286 2551 384 2594 tota,
413 2552 554 2598 quarta
579 2555 737 2598 praeter
766 2553 911 2599 apicem
941 2548 1089 2585 albidis.
1120 2569 1169 2575 —
1199 2546 1319 2599 Long.
1349 2560 1453 2598 corp.
1483 2547 1533 2595 523
1553 2547 1598 2595 (l)
1627 2546 1710 2592 lin.,

178 2612 301 2662 Long.
331 2610 378 2647 al.
408 2611 430 2648 7
460 2610 525 2647 lin.

284 2672 410 2724 Caput
439 2673 644 2711 cinereum.
688 2673 868 2711 Rostrum
898 2674 1059 2720 fuscum,
1088 2672 1268 2711 lateribus
1298 2685 1345 2710 ex
1374 2672 1482 2722 nigro
1511 2671 1639 2717 fuscis,
1669 2670 1709 2707 iu

179 2735 451 2786 speciminibus
479 2736 694 2774 immaturis
726 2740 850 2773 totum
878 2736 1037 2774 luteum.
1094 2735 1203 2785 Palpi
1240 2748 1287 2772 ex
1317 2734 1422 2771 fusco
1463 2734 1573 2784 nigri.
1631 2736 1709 2770 An-
