1828 3097
578 193 780 227 Americae
809 193 1133 241 septentrionalis.
1543 194 1620 233 *289

90 297 214 336 North
243 295 425 335 America
456 295 496 334 P,
525 295 590 344 ΙΙ.)
627 295 864 333 consulenda
900 301 975 338 est.
1011 302 1045 334 et
1085 298 1131 334 de
1162 298 1424 348 Helomyzidis
1458 298 1494 335 in
1525 300 1619 338 actis

87 360 424 410 entomologorum
447 359 607 397 Silesiae
634 358 874 406 (Zeitschrist
894 360 954 398 fiir
970 360 1254 412 Entomologic,
1272 361 1465 412 Jahrgang
1490 362 1619 410 1859.)

86 423 178 461 satis
213 423 337 460 docui.
407 424 616 472 Chloropes
652 423 825 467 demum,
862 428 1066 474 postquam
1105 425 1224 475 prima
1260 425 1393 462 barum
1431 428 1618 463 centuria-

87 499 172 524 rum
202 487 393 537 apparuit,
422 487 460 523 in
490 487 624 524 iisdem
655 487 751 524 actis
781 485 1023 533 (Zeitscbrift
1053 487 1114 524 fiir
1133 486 1404 538 Entomologie
1435 490 1552 537 1866)
1581 490 1618 527 in

89 551 234 588 minora
264 562 402 601 genera
440 550 567 596 divisi3
606 554 646 587 ut
684 563 776 587 vero
811 549 1062 599 aequabilitas
1092 550 1280 600 quaedam
1311 557 1544 598 servaretur,
1582 554 1618 590 in

89 614 244 664 reliquis
279 614 463 651 centuriis
499 625 518 649 a
549 626 687 663 genere
715 613 922 651 dividendo
959 614 1144 659 abstinui3
1179 615 1241 652 sed
1280 615 1318 651 in
1357 615 1504 653 decima
1543 629 1618 654 non

88 681 238 715 tantum
274 676 433 726 singulis
469 676 707 728 Cbloropum
747 676 947 727 speciebus
983 688 1026 714 ea
1062 690 1199 726 genera
1237 678 1438 729 adscripsi.
1483 679 1619 729 quibus

88 753 264 791 quaeque
294 740 496 778 inserenda
527 745 645 787 esset⁷
684 739 751 777 sed
788 740 901 777 etiam
933 740 970 776 in
1001 740 1128 777 indice
1158 740 1321 789 generali
1352 741 1538 789 indicavi,
1572 744 1617 780 ad

89 817 186 854 quac
215 817 354 855 genera
383 804 529 854 species
557 804 595 840 in
626 803 818 854 prioribus
848 803 1030 841 centuriis
1059 803 1252 853 decriptae
1282 805 1528 855 pertinerent.

193 867 292 905 Sunt
325 872 522 919 praeterea
554 866 739 904 nonnulla
770 879 931 916 genera,
969 879 1066 915 quae
1096 871 1157 903 aut
1189 867 1293 918 prius
1322 872 1381 904 aut
1415 868 1497 906 aliis
1526 869 1619 907 locis

88 931 347 970 condideram.
403 929 580 968 Fortasse
610 942 686 967 nou
723 930 794 968 erit
825 929 960 967 inutile
989 942 1311 977 commemorare,
1348 943 1446 980 quae
1473 933 1544 970 sint
1578 946 1618 969 ca

88 1000 125 1033 et
155 995 219 1032 ubi
251 994 462 1031 constituta
491 994 579 1030 sint.

141 1058 273 1108 ltaque
306 1057 543 1108 Triglypluus
572 1058 804 1095 constitutus
835 1061 892 1094 est
922 1057 958 1094 in
982 1055 1125 1095 Okenii
1155 1055 1256 1093 Iside
1284 1055 1369 1105 (Isis
1391 1070 1464 1094 von
1486 1056 1618 1106 Okcn)

384 1121 503 1167 18403

301 1186 545 1234 Artlaropens
574 1185 611 1222 iu
648 1184 970 1236 premeridibus
1007 1187 1151 1221 entom.
1180 1182 1467 1221 Stetineusibus
1497 1183 1617 1233 (Stet-

380 1249 482 1286 tiner
510 1253 652 1286 entom.
682 1246 864 1297 Zeitung)
897 1247 1015 1291 {8503

302 1312 530 1362 Bolbomyia
559 1313 596 1349 in
627 1310 777 1349 Loewii
802 1311 931 1348 Fauna
949 1310 1107 1348 succino
1126 1308 1272 1347 inclusa
1302 1309 1401 1358 (Der
1422 1309 1618 1348 Berustcin

380 1375 459 1412 und
488 1376 550 1412 die
579 1374 915 1422 Bernsteinfauna)
949 1373 1071 1419 1850;

302 1440 610 1488 Syriampholera
651 1439 688 1475 in
733 1438 901 1476 Giebelii
944 1436 1158 1475 Annalibus
1207 1437 1390 1475 scientiae
1437 1436 1619 1474 naturalis

380 1502 582 1551 (Zeitschr.
612 1502 637 1540 f.
671 1502 705 1540 d.
736 1506 971 1552 gesammten
995 1499 1453 1549 Naturwissenscliasten)
1488 1500 1603 1543 185&

304 1566 529 1602 Cacoaeenus
579 1567 616 1603 in
659 1563 967 1615 Eutomologicis
1015 1564 1218 1601 menstruis
1262 1562 1619 1601 Vindeboneiisibus

380 1629 563 1677 (Wiener
592 1633 737 1667 entom.
768 1627 1052 1676 Monatscbrist)
1088 1627 1204 1671 185&

300 1694 454 1742 stilpon
497 1693 534 1729 in
578 1691 728 1729 Loewii
777 1690 1067 1741 Supplcmentis
1118 1691 1227 1728 novis
1274 1688 1403 1738 (Neue
1445 1687 1619 1739 Belli-{ige

380 1754 571 1803 Thl.1V.)
606 1755 724 1800 18593

304 1820 543 1856 Rhicnoiissa
573 1819 610 1855 in
640 1817 965 1869 premeridibus
1001 1821 1144 1854 entom.
1178 1814 1484 1853 Berolinensibus
1514 1814 1619 1862 (Ber-

381 1882 478 1920 liner
506 1886 651 1920 entom.
682 1880 921 1929 Zeitscbrift)
955 1881 1066 1919 1865.

192 1947 428 1983 leclniceri
457 1959 589 1997 genus,
619 1945 723 1995 quod
756 1944 953 1995 Halidajus
983 1943 1154 1981 condidit
1186 1947 1220 1980 et
1248 1941 1452 1978 Walkcrus
1482 1942 1517 1977 in
1552 1940 1619 1978 Di-

88 2013 286 2057 pterorum
323 2010 540 2060 catalogum
578 2008 675 2057 (List
713 2009 755 2045 of
788 2007 999 2059 Dipterous
1035 2007 1197 2054 lnsccts)
1233 2006 1396 2056 recepit,
1434 2016 1618 2052 nusquam

88 2078 272 2124 quantum
302 2074 402 2119 scio,
444 2075 544 2110 notis
579 2073 693 2109 certis
729 2070 943 2108 stabilitum
981 2074 1049 2107 cst.
1106 2068 1181 2106 Sed
1216 2068 1260 2105 ab
1291 2068 1465 2105 omnibus
1495 2066 1618 2117 Xylo-

88 2136 337 2187 phagidarum
367 2136 570 2188 generibus
607 2135 718 2173 facile
754 2148 798 2172 eo
829 2134 1098 2183 ‹listinguitum
1134 2132 1237 2182 quod
1275 2131 1410 2168 tertius
1440 2135 1617 2167 antenna-

89 2214 170 2237 rum
201 2200 280 2250 ejus
309 2200 493 2238 articulus
522 2213 598 2237 non
629 2199 745 2236 modo
775 2197 978 2235 annulatus
1008 2201 1078 2235 cst.
1107 2195 1170 2232 sed
1203 2195 1314 2231 ctiam
1344 2193 1494 2231 annulis
1525 2194 1620 2230 benc

89 2265 189 2302 inter
216 2277 256 2301 se
286 2264 461 2302 discretis
490 2267 661 2307 constat‚
704 2276 748 2300 ac
793 2274 971 2298 numerus
1017 2260 1151 2296 borum
1189 2257 1414 2294 annulorum
1452 2257 1487 2293 in
1518 2270 1621 2293 marc

89 2327 211 2378 major
239 2332 296 2364 est
325 2340 438 2376 quam
466 2328 504 2364 in
535 2326 705 2364 foemina
741 2330 778 2362 ct
808 2336 1029 2363 numerum,
1066 2334 1178 2370 qucm
1214 2320 1348 2369 reliqui
1378 2319 1619 2371 Xylopbagi-

88 2391 157 2428 dae
187 2391 224 2427 in
254 2390 418 2428 articulo
447 2389 637 2428 terminali
667 2388 876 2433 exhibent,
914 2386 1027 2435 longe
1057 2388 1221 2435 superat.
1292 2382 1422 2431 Quum
1457 2382 1618 2420 1111801ιί-

89 2455 164 2492 ceri
200 2455 347 2506 species
382 2455 419 2491 in
449 2453 606 2504 Europa
641 2464 796 2502 quoquc
832 2451 982 2487 detecta
1017 2449 1086 2491 sit,
1123 2446 1197 2484 alio
1238 2446 1323 2484 loco
1353 2448 1544 2496 copiosius
1576 2447 1620 2483 ‹lc

90 2517 164 2555 lioe
192 2530 331 2568 genere
359 2530 481 2568 agam.

194 2580 235 2618 In
265 2580 414 2619 duobus
443 2580 646 2632 generibus
682 2591 725 2616 ea
763 2578 917 2615 nomina
949 2579 1101 2613 secutus
1139 2587 1244 2619 sum,
1281 2572 1417 2622 quibus
1447 2571 1620 2623 plerique

90 2649 268 2682 auctores
298 2646 356 2682 usi
384 2649 472 2681 sunt
504 2648 568 2680 aut
599 2645 778 2686 utuntur,
808 2653 923 2689 quum
956 2644 1084 2675 tamen
1116 2638 1187 2674 alia
1218 2635 1425 2674 secundum
1458 2639 1619 2672 vetusta-

90 2709 138 2745 tis
169 2708 291 2759 legem
322 2707 536 2746 revocanda
565 2706 652 2742 sint.
711 2704 842 2753 ltaque
869 2716 936 2754 pro
959 2701 1243 2751 Anthoplu‘limi
1265 2700 1521 2747 Antlaomyza.
1552 2712 1620 2748 pro

92 2772 331 2822 Plalypalpo
364 2770 646 2820 Tachydromia
675 2768 748 2804 dici
778 2766 953 2804 debebat.
1015 2765 1106 2815 Quin
1136 2777 1225 2802 vcro
1255 2763 1302 2800 de
1332 2763 1447 2801 causa,
1476 2763 1618 2799 nomini

1304 2826 1350 2862 21
