1752 2978
558 76 758 111 Americae
785 74 1111 123 septentrionalis.
1530 72 1606 108 265

80 180 256 217 tenuiore
285 183 318 216 el
352 178 546 216 difficilius
584 180 814 229 conspicuo,
850 183 1046 229 praeterea
1082 178 1225 215 femora
1262 177 1386 214 antica
1416 176 1608 224 utrinque,

77 245 223 282 femora
252 243 477 280 intermedia
509 248 658 280 tantum
688 243 811 279 aulice
841 242 960 292 pilum
989 240 1259 290 subapicalem,
1291 240 1435 277 femora
1466 241 1609 290 postica

79 320 170 344 vero
215 307 251 343 in
292 306 409 343 latere
447 307 641 343 anteriore
680 306 778 356 pilos
814 306 908 342 duos
945 304 1098 355 longos.
1139 304 1300 341 alterum
1338 303 1609 352 subapicalem,

78 370 241 408 alterum
279 370 326 406 ab
364 370 471 420 apice
509 370 622 420 paulo
659 369 808 418 longius
848 373 1036 404 remotum
1067 372 1222 416 gerunt,
1261 367 1375 404 tibiae
1403 367 1610 404 anteriores

79 437 230 484 praeter
260 432 379 469 basim
410 433 663 470 rufo-badiam
695 432 922 482 plerumque
952 435 1122 467 saturante
1152 431 1277 467 fuscae
1305 430 1514 478 setulisque
1534 429 1609 480 api-

79 496 221 534 calibus
256 496 489 540 instructae,
524 497 693 546 posticae
723 495 855 532 badiae
886 494 944 531 vel
975 493 1234 539 rufo-badiae,
1270 506 1431 542 superne
1463 496 1611 542 praeter

80 560 196 597 basim
236 564 273 596 et
309 560 456 610 apicem
495 571 607 609 saepe
642 559 771 596 fuscae
809 562 842 595 et
883 556 933 593 ibi
974 556 1051 607 pilo
1089 557 1224 607 longo,
1263 557 1383 593 multo
1423 556 1532 592 latius
1563 556 1609 591 ab

79 624 186 673 apice
214 635 327 674 quam
357 635 376 659 a
407 623 484 659 basi
515 626 665 659 remoto
695 625 879 665 armatae,
920 632 1018 671 apex
1050 619 1228 656 tibiarum
1259 620 1491 670 posticarum
1523 617 1612 654 dila-

81 691 201 732 tatus,
239 687 290 723 ita
331 691 372 723 ut
411 691 535 723 tarsus
572 699 650 723 nou
688 686 724 721 in
760 685 868 735 apice
898 684 1002 734 ipso,
1039 683 1103 721 sed
1136 683 1249 733 paulo
1278 687 1365 719 ante
1395 686 1611 720 extremum

78 750 197 787 tibiae
216 751 362 800 apicem
383 750 548 787 insertus
568 750 628 786 sit.
677 748 785 786 Tarsi
807 748 1015 785 anteriores
1038 746 1271 797 nigro-fusci.
1292 746 1472 783 adversus
1494 745 1611 782 basim

77 827 191 864 saepe
211 813 432 860 rufo-badii,
454 813 591 864 postici
615 812 844 857 rufo-badii3
865 812 1028 848 articulo
1051 810 1187 847 ultimo
1203 822 1353 860 semper
1368 808 1612 858 nigio-suscO,

80 878 200 914 tribus
221 875 539 927 praecedentibus
559 875 751 913 interdum
772 875 899 912 fuscis.
950 873 1120 912 Halteres
1137 872 1264 910 albidi.
1312 872 1406 909 Alae
1424 871 1612 921 byalinae.

78 941 185 978 venis
221 953 268 977 ex
307 939 411 977 luteo
449 939 571 977 dilute
609 938 819 984 subfuscis3
857 950 976 975 venae
1006 935 1308 988 longitudinales
1337 936 1458 986 prima
1489 940 1523 972 et
1554 948 1613 971 se-

79 1004 204 1040 cunda
236 1003 386 1041 modice
417 1007 454 1040 et
484 1003 696 1053 aequaliter
725 1006 917 1047 arcuatae,
952 1000 1064 1038 tertia
1097 999 1210 1049 paulo
1240 1003 1327 1036 ante
1356 1000 1501 1049 apicem
1531 998 1613 1035 alae

78 1070 114 1105 in
146 1072 289 1105 costam
313 1079 533 1111 excurrens,
565 1070 645 1103 tota
668 1065 860 1103 levissime
882 1064 1024 1100 undata
1049 1067 1083 1101 et
1107 1063 1287 1100 adversus
1308 1063 1454 1113 apicem
1479 1062 1613 1097 leviter

78 1133 250 1175 incurva,
280 1134 417 1180 quarta
447 1129 583 1167 leviter
611 1129 751 1166 undata
783 1132 820 1165 et
851 1128 986 1166 tertiae
1016 1125 1288 1176 subparallela;
1318 1125 1452 1163 cellula
1477 1124 1613 1161 basalis

79 1195 268 1246 posterior
297 1194 489 1231 anteriore
518 1193 641 1230 multo
670 1192 834 1242 longior.
857 1212 905 1217 ——
936 1190 1098 1239 (Texa53
1130 1189 1335 1240 Belfrage.)

184 1310 247 1347 61.
280 1310 519 1359 Drapetis
545 1310 777 1360 gilvipes‚
815 1320 903 1345 noV.
921 1320 976 1358 sp.
1007 1306 1056 1352 0⁷·
1076 1328 1125 1334 —
1156 1307 1280 1352 Atra,
1309 1305 1448 1351 nilida,
1475 1305 1617 1353 pulpis,

78 1378 185 1410 c‹›.rae·³
213 1374 442 1425 pedibusque
471 1375 605 1420 Iuleis.-
635 1373 806 1409 thoracis
836 1372 991 1408 dorsum
1019 1376 1175 1420 praeter
1203 1371 1327 1406 latera
1347 1375 1380 1405 et
1404 1374 1617 1419 marginem

78 1443 271 1487 posticum
291 1439 383 1487 pilis
404 1437 644 1488 longioribus
665 1437 782 1473 nullis
802 1449 1023 1485 aspersum5
1044 1436 1127 1471 alae
1147 1438 1331 1479 cinereae,
1352 1439 1456 1470 venis
1474 1434 1616 1481 fuscis,

80 1501 428 1551 lcnagituclinale'bus
454 1504 583 1550 primci
611 1507 646 1537 el
676 1500 843 1536 secundat
872 1500 1059 1536 levissime
1087 1502 1273 1542 arcuatis,
1303 1502 1418 1534 ter-liti
1439 1497 1611 1533 subn-vcta

82 1571 114 1601 el
145 1566 329 1601 adversus
358 1569 504 1614 apicem
534 1577 619 1600 cum
648 1567 789 1615 quar-td
805 1563 1008 1613 parallelci.
1030 1583 1078 1588 -—
1099 1560 1218 1610 Long.
1242 1574 1344 1612 corp.
1369 1561 1487 1609 {lim
1518 1560 1619 1611 long.

83 1629 130 1664 al.
161 1633 185 1678 ἦ
204 1629 269 1666 lin.

188 1705 296 1751 Atra,
328 1704 568 1743 nitidissima.
627 1703 831 1741 Antennae
862 1701 1110 1745 concolores,
1145 1713 1258 1750 quam
1290 1701 1326 1736 in
1357 1701 1484 1750 speeie
1514 1712 1618 1750 prae-

81 1769 243 1807 cedente
280 1769 490 1815 breviores,
528 1767 712 1805 articulus
746 1768 883 1805 tertius
914 1766 1019 1803 bevis
1049 1769 1087 1802 et
1116 1764 1501 1807 rotundato-ovatus,
1536 1767 1617 1799 seta

81 1832 280 1883 perlonga.
334 1831 444 1883 Palpi
479 1831 636 1869 sordide
672 1831 918 1869 luteseentes.
975 1828 1158 1866 Thoracis
1195 1828 1350 1864 dorsum
1380 1828 1481 1877 pube
1512 1826 1617 1864 brevi

83 1896 298 1944 nigricante
328 1896 532 1940 vestitum,
567 1898 718 1945 praeter
748 1893 865 1931 latera
896 1897 934 1930 et
963 1892 1176 1942 marginem
1205 1892 1393 1941 posticum
1423 1890 1508 1941 pilis
1540 1889 1619 1926 lon-

81 1960 250 2008 gioribus
286 1959 402 2010 nigris
434 1958 546 1995 nullis
576 1959 820 1995 instructum.
878 1955 1038 1994 Pleurae
1068 1954 1213 2005 polline
1243 1955 1399 1990 omnino
1430 1952 1535 1989 nullo
1559 1952 1620 1988 ad-

80 2035 246 2073 spersae,
268 2022 528 2059 nitidissimae.
577 2021 778 2059 Abdomen
800 2025 926 2058 atrum
949 2024 985 2056 et
1007 2018 1184 2059 nitidum,
1212 2017 1417 2067 segmentis
1437 2016 1621 2058 secundo,

82 2086 197 2123 tertio
234 2090 273 2123 et
310 2090 448 2135 quarto
488 2085 526 2122 in
565 2084 777 2134 specimine
811 2083 1004 2132 descripto
1041 2081 1194 2118 sordide
1224 2080 1436 2125 exalbidis,
1472 2080 1621 2130 postico

82 2154 209 2186 tamen
247 2149 487 2199 singulorum
527 2150 698 2197 margine
733 2151 836 2190 atro,
872 2147 907 2183 in
939 2145 1212 2197 speciminibus
1242 2144 1515 2180 maturioribus
1547 2143 1618 2179 sor-

81 2214 181 2249 sitan
211 2211 401 2249 abdomen
432 2216 556 2249 totum
587 2216 725 2248 atrum.
777 2209 897 2247 Pedes
928 2222 1013 2246 cum
1045 2208 1152 2245 coxis
1180 2211 1348 2244 saturat(-
1372 2207 1478 2244 lutei.
1507 2212 1621 2242 meta-

84 2280 185 2311 tarso
229 2276 378 2325 postico
423 2279 690 2324 tarsorumque
733 2274 905 2310 omnium
948 2273 1056 2322 apice
1103 2271 1214 2307 l'uscis
1259 2269 1317 2308 vel
1358 2270 1622 2318 fusco-nigris.

85 2338 240 2376 Femora
280 2337 506 2375 intermedia
544 2336 795 2374 validiuscula
833 2336 899 2373 sed
931 2349 1007 2372 non
1039 2336 1265 2373 incrassata,
1306 2334 1448 2371 femora
1479 2332 1623 2380 reliqua

82 2402 234 2439 modice
263 2405 300 2438 et
331 2400 544 2451 aequaliter
574 2401 793 2437 incrassata.
851 2398 985 2436 Tibiae
1015 2400 1228 2436 anteiiores
1260 2396 1394 2434 setnlis
1415 2395 1625 2444 apiealilms

81 2469 267 2509 armatae,
299 2465 476 2502 tibiarum
499 2465 734 2515 postiearum
756 2476 854 2513 apex
874 2462 1055 2513 simplex.
1107 2461 1282 2498 Halteres
1305 2459 1483 2497 exalbidi.
1533 2459 1624 2495 Alae

82 2531 268 2570 cinereae,
302 2528 408 2565 venis
432 2531 603 2564 saturate
624 2526 758 2571 suscis;
792 2538 911 2563 venae
932 2525 1236 2576 longitudinales
1260 2524 1378 2573 prima
1402 2527 1437 2559 et
1458 2521 1625 2559 secunda

83 2597 232 2629 tantum
265 2591 457 2628 levissime
486 2594 682 2634 arcuatae,
721 2589 833 2626 tertia
862 2589 1045 2625 subrecta
1076 2593 1111 2625 et
1144 2587 1257 2637 paulo
1289 2590 1377 2623 ante
1407 2590 1625 2622 extremum

84 2657 233 2708 apicem
274 2655 357 2692 alae
392 2654 429 2690 in
462 2657 608 2691 eostam
639 2664 868 2697 excurrens,
907 2655 1041 2702 quarta
1075 2652 1211 2688 tertiae
1240 2648 1510 2700 subparallela‚
1550 2661 1625 2685 non

83 2719 248 2765 nudata,
291 2718 432 2756 triente
474 2722 603 2754 tamen
646 2715 783 2766 apicali
825 2715 1012 2764 segmenti
1052 2714 1175 2751 ultimi
1214 2713 1405 2751 levissime
1441 2725 1629 2754 recurvo;

85 2782 228 2820 eellnla
262 2781 401 2820 basalis
430 2780 623 2832 posterior
653 2779 845 2816 anteriore
876 2778 1038 2828 longior.
1061 2800 1107 2804 —
1140 2776 1299 2824 (Texas;
1331 2775 1536 2826 Belsrage.)
