1752 2978
116 129 194 170 286
684 128 734 164 H.
764 129 897 165 Loew:
930 126 1100 178 Diptera

118 238 237 275 basim
266 250 398 275 versus
427 236 538 272 flava.
596 234 800 272 Abdomen
823 234 1102 284 fusco-nigrum
1126 239 1164 272 et
1184 235 1324 280 nitens,
1354 240 1530 272 extremo
1552 235 1661 286 apice

117 301 346 352 plerumque
375 299 604 343 rufescente,
635 303 676 336 ut
707 300 745 335 in
774 299 1053 349 speciminibus
1087 299 1240 336 detritis
1271 300 1475 349 Chloropis
1504 298 1659 347 (Diplo-

116 364 249 412 laxae)
278 364 520 399 versicoloris
550 375 627 399 non
659 374 744 400 raro
775 362 1020 400 observatur.
1052 384 1102 388 —
1132 361 1294 411 (Texas,
1327 362 1534 413 Belfrage.)

221 480 285 519 98.
313 481 549 527 Chlorops
578 478 909 529 (Diplotoaea)
938 485 1220 531 nigricans,
1251 493 1340 517 nov.
1364 483 1478 529 sps?
1499 483 1536 515 et
1551 483 1653 528 2.—

116 546 264 596 Nigru,
293 546 350 581 vel
368 544 646 594 fusco-nigra,
677 545 848 581 thoracis
878 546 994 582 dorso
1023 545 1399 593 cinereo-polliuoso,
1426 543 1584 592 pedibus
1600 544 1660 589 fu-

115 615 205 655 seis,
234 610 351 645 lertio
379 615 638 645 antennarum
672 608 840 644 articulo
875 610 1036 655 lineari,
1070 610 1145 645 alis
1173 613 1290 659 nigro
1308 629 1324 635 -
1341 609 1524 653 cinerei-s,
1554 613 1661 644 venis

115 673 463 724 longitudinuhbus
491 672 661 709 secundzi
690 679 725 709 et
758 678 873 711 lev-lici
902 675 1090 710 levissime
1119 677 1306 709 arcuatis.
1329 693 1378 698 —-
1399 670 1522 722 Long.
1553 684 1658 722 corp.

118 739 165 786 l}
182 759 232 763 —
253 737 326 784 ¹1⁵5
345 736 423 783 lin,
453 736 556 787 long.
584 736 630 773 al.
666 736 712 784 1-3-
735 736 801 774 lin.

221 811 395 861 Reliquis
424 812 625 862 speciebus
654 811 850 859 gracilior,
880 812 986 861 nigra
1018 810 1079 848 vel
1107 810 1356 861 fusco-nigra.
1413 809 1541 860 Caput
1570 822 1658 846 con-

116 875 234 920 color,
264 874 400 911 frontis
431 875 572 912 triente
602 875 730 911 antico
761 880 799 913 et
829 874 967 912 villula
1002 874 1113 912 faciei
1151 874 1248 911 infra
1278 874 1502 911 abbreviata
1531 873 1658 910 luteis.

114 939 248 991 Facies
290 937 636 989 albo-pollinosa,
679 939 860 977 adversus
897 939 974 976 oris
1010 943 1234 990 aperturam
1271 937 1423 974 modice
1460 938 1658 975 recedens.

114 1002 366 1053 Triangulum
398 1002 583 1040 verticale
611 1007 756 1049 atrum,
800 1003 982 1048 nitidum,
1025 1001 1305 1051 majusculum,
1340 1014 1508 1052 superne
1538 1001 1660 1039 oculis

115 1069 361 1117 contiguum,
393 1065 576 1103 lateribus
607 1067 815 1113 convexis,
852 1068 906 1104 ita
945 1071 986 1104 ut
1020 1067 1147 1105 antice
1175 1065 1434 1102 subobtusum
1463 1066 1525 1102 sit.
1584 1067 1659 1102 An-

89 1134 256 1169 ‘tennae
285 1131 548 1180 longissimae;
580 1130 735 1167 articuli
767 1130 842 1167 duo
863 1131 976 1181 primi
999 1132 1148 1177 breves,
1177 1130 1287 1175 fusci,
1317 1129 1503 1167 lateribus
1524 1130 1659 1167 adver-

114 1197 164 1233 sis
192 1195 422 1246 plerumque
453 1195 542 1232 totis
572 1194 681 1239 rufis,
717 1194 902 1231 articulus
942 1195 1078 1231 tertius
1109 1195 1204 1232 mire
1234 1193 1458 1243 elongatus,
1491 1192 1658 1238 linearis,

116 1260 234 1310 niger.
264 1259 342 1296 basi
373 1263 501 1296 tamen
531 1258 638 1305 rufa,
668 1262 748 1295 seta
768 1258 866 1303 alba,
898 1258 1017 1295 basim
1039 1271 1173 1296 versus
1194 1258 1308 1296 lutea.
1366 1256 1551 1295 Thoracis
1573 1257 1658 1294 dor-

116 1336 198 1359 sum
237 1327 273 1359 et
310 1322 515 1359 scutellum
555 1322 700 1373 polline
735 1322 916 1360 exalbido
954 1323 1232 1369 cinerasentia,
1269 1323 1368 1360 vitta
1402 1322 1529 1359 media
1557 1321 1659 1358 illius

117 1386 300 1423 adversus
343 1386 556 1435 marginem
600 1386 773 1423 anticum
817 1387 943 1423 minus
981 1387 1174 1436 pollinosa
1211 1391 1248 1423 et
1291 1386 1499 1423 saturatius
1536 1385 1658 1434 nigra„

118 1450 225 1487 vittis
256 1449 478 1487 lateralibus
509 1450 622 1501 plane
651 1449 848 1487 obsoletis.
904 1449 1027 1488 Pedes
1056 1450 1174 1497 fusci,
1209 1451 1317 1488 coxis
1347 1450 1508 1494 anticis,
1537 1449 1658 1486 femo-

116 1513 220 1550 ribus
251 1512 507 1550 anterioribus
545 1519 815 1563 tarsorumque
850 1515 1022 1551 omnium
1061 1514 1140 1552 basi
1177 1515 1306 1553 colore
1343 1515 1463 1564 magis
1490 1514 1528 1550 iu
1559 1513 1659 1550 rufo-

117 1581 328 1615 teslaceum
360 1582 544 1627 vergente
574 1578 716 1622 tinctis,
745 1578 850 1615 tibiis
878 1578 1029 1624 amicis,
1059 1579 1170 1616 tarsis
1199 1580 1337 1616 aulicis
1361 1578 1454 1616 totis
1485 1577 1659 1627 reliquis-

117 1653 191 1690 que
222 1645 373 1690 praeter
403 1641 522 1678 basim
554 1642 855 1692 fligi-mantibus,
891 1642 1038 1680 femora
1068 1643 1214 1693 postica
1246 1656 1359 1694 quam
1391 1643 1428 1679 in
1459 1641 1661 1691 speciebus

116 1704 276 1753 reliquis
305 1704 501 1742 crassiora.
560 1705 734 1743 Halteres
763 1706 852 1750 albi,
885 1706 1103 1757 pedunculo
1134 1707 1362 1756 nigricante.
1422 1706 1516 1743 Alae
1535 1706 1660 1755 nigro-

116 1769 310 1813 cinereae,
340 1768 448 1805 venis
480 1768 761 1818 nigro-fuscis,
794 1769 1071 1817 validiusculis,
1101 1770 1238 1807 ultimo
1269 1775 1430 1820 quartae
1458 1775 1660 1820 segmento

117 1832 312 1878 tenuiore,
341 1845 463 1869 venae
494 1832 794 1881 longitudinales
823 1834 993 1871 secunda
1031 1839 1070 1871 et
1106 1835 1220 1872 tertia
1256 1834 1395 1872 leviter
1424 1838 1574 1871 tantum
1604 1847 1660 1871 ar-

118 1901 269 1941 cuatae,
312 1897 425 1933 tertia
470 1901 509 1932 et
545 1901 681 1947 quarta
715 1898 863 1947 apicem
894 1911 1026 1935 versus
1057 1898 1167 1936 valde
1198 1898 1462 1948 divergentes,
1501 1898 1661 1936 venulae

116 1959 390 1997 transversales
419 1960 629 1998 admodum
659 1963 964 2012 approximatae.
996 1982 1044 1989 —
1075 1961 1236 2010 (Texas3
1269 1961 1476 2012 Belsrage.)

222 2022 359 2061 Nota.
417 2023 521 2062 Haec
556 2026 702 2075 species
738 2025 786 2062 ad
824 2026 1102 2076 Ecleceplialae
1145 2025 1307 2077 figuram
1344 2039 1465 2078 prope
1500 2026 1662 2071 accedit,

116 2088 181 2125 sed
211 2088 368 2138 reliquis
397 2089 498 2125 notis
528 2088 724 2139 plerisque
754 2101 840 2126 cum
872 2090 1102 2138 Diplotoaeis
1131 2092 1328 2141 congruit,
1357 2092 1410 2128 ita
1441 2095 1482 2128 ut
1511 2090 1569 2128 his
1598 2089 1662 2126 ad-

119 2152 356 2188 numeranda
385 2152 456 2197 sit,
491 2154 669 2201 quamvis
701 2153 816 2190 lertio
847 2157 1102 2191 antennarum
1131 2156 1296 2193 articulo
1326 2155 1438 2193 valde
1467 2154 1663 2204 elongato.

119 2238 166 2242 —-
198 2214 437 2264 Diplotoaue
466 2215 592 2253 adbuc
622 2217 800 2266 cognitae
830 2222 919 2268 apte
950 2218 987 2254 in
1019 2223 1096 2255 tres
1119 2220 1240 2256 tribus
1262 2219 1512 2264 dividuntur,
1541 2218 1662 2254 tribus

117 2278 239 2328 prima
270 2278 510 2327 Diploloxas
542 2281 774 2326 Gundlachi,
804 2282 1054 2327 confluentem
1090 2287 1129 2320 et
1157 2287 1409 2319 mici-aceram
1438 2280 1662 2332 complecti-

117 2345 201 2387 tur,
236 2354 335 2391 quac
373 2344 531 2381 tertium
567 2350 821 2382 antennarum
851 2345 1058 2382 articulum
1094 2347 1307 2384 rotundum
1339 2345 1502 2391 habent,
1541 2345 1662 2382 tribus

120 2405 287 2442 secunda
317 2406 558 2456 Diplotoa·as
587 2410 853 2446 versicolorem
882 2414 921 2447 et
946 2411 1256 2460 pulelirt‘pedem,
1286 2411 1323 2447 in
1355 2410 1495 2461 quibus
1525 2412 1661 2446 ovatus

121 2473 190 2514 est,
221 2472 413 2515 continet,
449 2472 691 2521 Diplotooeae
720 2475 917 2510 alternata
947 2479 984 2511 et
1018 2479 1242 2524 nigricans,
1277 2486 1440 2524 quarum
1470 2477 1662 2510 antennae

120 2533 283 2569 articulo
326 2534 443 2571 tertio
487 2535 668 2585 elongato
712 2538 923 2576 instructae
966 2542 1076 2585 sunt,
1123 2538 1269 2575 tribum
1315 2537 1470 2575 tertiam
1517 2536 1660 2574 consti-

121 2598 247 2633 tuunt.
