1752 2978
570 53 775 89 Amere'cae
803 53 1129 102 septentrionalis.
1559 54 1609 90 85

178 157 351 206 Reliquis
389 156 592 206 speciebus
628 157 784 194 brevior
824 162 861 194 et
905 158 1121 203 robustior,
1157 155 1420 207 ferrugineus,
1455 168 1608 204 opacus.

76 220 194 257 Frons
231 224 268 257 et
309 219 421 257 facies
457 220 888 270 oehraceo-pollinosae.
955 220 1223 258 Antennarum
1261 220 1328 271 pili
1367 220 1484 271 nigri,
1529 220 1610 257 lon-

73 283 195 333 giores
239 287 277 319 et
319 295 479 319 numero
510 282 639 332 plures
676 295 790 331 quam
826 282 864 318 in
901 283 1103 332 speciebus
1140 282 1308 332 reliquis.
1367 282 1519 333 Mystax
1557 283 1610 320 di-

72 346 152 383 lute
185 346 378 382 ssavicans.
451 344 556 395 Palpi
586 345 701 388 badii,
731 345 986 395 nigro-pilosi,
1015 357 1129 395 saepe
1158 345 1243 395 pilis
1274 346 1391 396 nigris
1412 349 1451 383 et
1478 345 1609 383 subsu-

72 409 146 446 scis
172 409 274 445 hirti.
331 408 446 445 Setae
467 408 620 445 verticis
642 413 679 444 et
708 408 882 457 occipitis
913 409 1054 458 nigrae,
1084 409 1121 445 in
1151 408 1327 459 occipitis
1358 408 1518 446 dimidio
1548 410 1606 446 in·

72 472 212 509 feriore
246 483 360 521 saepe
394 471 521 508 fuscae
559 471 616 507 vel
654 471 867 507 subl'uscae.
929 469 1113 507 Thoracis
1151 471 1305 507 dorsum
1344 473 1450 509 vittis
1491 472 1609 509 tribus

70 533 305 585 imperfectis
327 535 571 584 nigro-fuscis
596 534 654 570 vel
679 534 795 584 nigris
817 534 1066 584 variegatum,
1089 534 1213 571 media
1235 534 1350 571 lineis
1372 535 1517 572 duabus
1547 547 1609 586 pa-

73 597 217 635 rallelis
247 603 283 635 et
313 599 460 648 postice
497 597 606 634 valde
635 597 869 634 abbreviatis
900 596 1135 647 compositu,
1175 597 1401 635 lateralibus
1430 612 1450 635 e
1485 611 1610 635 macu-

74 661 119 697 lis
151 661 248 697 binis
278 659 485 697 intervallo
527 660 604 697 lato
642 660 827 710 separatis
863 660 1142 697 constantibus.
1200 658 1274 696 Pili
1303 660 1472 697 thoracis
1501 661 1611 711 nigri,

74 724 112 759 in
144 723 384 773 prothoracis
416 724 597 761 lateribus
635 735 749 773 saepe
784 721 954 759 subfusci
985 722 1047 759 vel
1076 722 1230 773 pallidi3
1262 727 1368 760 setae
1397 736 1531 760 omnes
1560 725 1612 760 ni-

77 798 177 835 grae.
233 784 353 822 Color
382 786 612 832 abdominis,
642 785 870 836 plerumque
899 785 936 821 in
968 785 1330 836 rufo-ferrugineum
1361 799 1534 835 vergens,
1563 786 1611 822 la-

75 853 156 885 tera
187 861 317 885 versus
348 849 382 886 iu
416 850 567 899 nigrum
599 853 788 893 mutatum
827 848 955 897 anguli
986 849 1123 899 postici
1152 852 1438 900 segmentorum
1467 849 1612 900 polline

77 911 200 948 dilute
229 911 483 948 ocbraseente
518 912 578 947 vel
618 912 797 949 exalbido
835 912 989 961 aspersi.
1046 910 1161 947 Setae
1190 913 1377 962 segmenti
1414 913 1525 962 primi
1558 912 1612 949 ni-

77 987 182 1024 grae;
212 974 278 1023 pili
309 973 524 1011 abdominis
547 974 694 1011 breves.
725 975 833 1025 nigri,
865 975 900 1010 in
923 974 1032 1024 apice
1052 973 1266 1011 abdominis
1285 975 1475 1012 foeminae
1499 987 1613 1025 saepe

78 1037 223 1086 vulpini
255 1037 314 1074 vel
345 1037 640 1074 ruso-ochracri.
699 1037 979 1087 Hypopygium
1000 1036 1259 1086 ferrugineum
1281 1037 1341 1075 vel
1363 1038 1526 1088 piceum,
1556 1039 1612 1075 ni·

78 1100 341 1150 gro-pilosum.
398 1100 530 1137 Coxae
566 1100 827 1150 ferrugineae,
865 1099 950 1150 pilis
985 1099 1154 1148 setisque
1191 1099 1383 1149 plerisque
1411 1099 1613 1145 subfuscis,

78 1163 235 1211 reliquis
263 1163 394 1212 nigris,
424 1164 544 1199 rarius
575 1163 752 1199 omnibus
784 1163 910 1213 nigris.
970 1161 1090 1199 Pedes
1111 1162 1203 1198 susci
1225 1163 1287 1199 vel
1309 1163 1423 1208 badii,
1453 1163 1613 1214 genibus

78 1230 346 1274 tarsorumque
376 1225 454 1262 basi
484 1226 683 1271 testaceis,
712 1226 802 1262 setis
840 1225 1016 1262 omnibus
1047 1224 1177 1274 nigris.
1234 1224 1328 1262 Alae
1357 1239 1405 1262 ex
1434 1225 1613 1264 subfusco

80 1288 272 1337 liyalinae,
302 1288 483 1325 adversus
512 1288 659 1339 apicem
689 1293 725 1326 et
748 1288 957 1338 marginem
981 1287 1174 1338 posticum
1204 1286 1280 1325 late
1299 1288 1613 1327 fusco-cinereae.

80 1350 220 1387 cellula
248 1350 347 1387 anali
378 1356 414 1388 et
444 1351 586 1402 angulo
616 1352 767 1402 postico
798 1351 899 1400 pube
938 1351 1213 1401 microscopica
1253 1364 1329 1388 non
1367 1351 1479 1402 plane
1509 1352 1614 1390 disti-

81 1415 140 1451 tis.
169 1435 218 1439 —-
249 1413 518 1460 (New-Yoi·l<;
549 1412 858 1451 Osten-Sacken.
890 1436 939 1441 —
970 1413 1149 1461 lllinois.)

132 1475 262 1513 Nota.
320 1476 353 1512 A
383 1476 580 1526 speciebus
610 1477 932 1526 praecedentibus
964 1477 1143 1513 omnibus
1178 1477 1351 1527 corporis
1379 1476 1526 1513 statura
1556 1490 1614 1514 ro-

185 1538 354 1575 bustiore
375 1544 411 1575 et
434 1539 564 1576 colore
585 1539 744 1576 obscure
768 1539 998 1589 ferrugineo,
1020 1539 1065 1575 ab
1088 1539 1264 1576 omnibus
1287 1544 1438 1590 praeter
1454 1540 1612 1590 Diogm.

182 1603 441 1651 pIaIypIerwn
473 1603 558 1651 pilis
587 1604 755 1650 setisque
786 1615 974 1639 coxarum
1014 1602 1073 1638 vel
1102 1615 1150 1639 ex
1181 1607 1308 1651 parte,
1346 1602 1406 1640 vel
1436 1602 1614 1639 omnibus

186 1665 303 1715 nigris
334 1666 471 1702 differt.

188 1782 250 1818 44.
284 1782 622 1830 Mem—ostylum
651 1783 958 1833 galaclodes.
988 1794 1077 1818 nov.
1108 1795 1163 1831 sp.
1208 1778 1246 1822 Ο)
1276 1785 1310 1817 et
1343 1778 1384 1821 Ω.
1442 1780 1615 1831 Nigrum

84 1846 139 1880 vel
166 1850 469 1894 nigro-piceum,
498 1846 630 1881 leriIer
654 1846 997 1894 albo-polliuosmn,
1026 1845 1100 1881 alis
1120 1844 1447 1894 albida-liyalinis,
1476 1846 1616 1881 lumine

83 1910 313 1943 transmisso
341 1914 496 1956 praeter
526 1910 721 1959 vertigines
751 1915 783 1944 et
816 1913 961 1957 apicem
982 1909 1130 1953 lacteis,
1159 1912 1252 1944 setis
1272 1909 1499 1957 mystacim‘s
1520 1922 1614 1958 qua-

83 1978 172 2006 lum·
200 1976 341 2021 nigris,
373 1995 421 1998 -—
452 1969 571 2021 Lnng.
602 1984 706 2022 corp.
742 1971 1002 2017 15—161111.,
1037 1970 1157 2021 Long.
1187 1970 1232 2007 al.
1269 1971 1595 2019 ΙθΤΊἾ-Ηὲίἱυ.

188 2044 346 2094 Nigrum
379 2043 435 2081 vcl
469 2045 764 2094 nigro-piceum,
806 2044 951 2094 polline
980 2044 1066 2080 albo
1096 2044 1235 2081 leviter
1263 2056 1476 2094 aspersum,
1505 2044 1614 2081 faciei

84 2107 235 2145 modice
263 2107 363 2144 latae
392 2107 689 2157 pleurarumque
720 2107 862 2157 polline
884 2106 1131 2152 conset-tiore,
1161 2107 1366 2156 segmentis
1395 2105 1615 2143 abdomina-

82 2171 180 2207 libus
209 2171 352 2207 ultimis
382 2174 550 2218 quatuor
578 2170 767 2207 foeminae
795 2173 833 2206 et
863 2173 997 2206 ventre
1026 2170 1226 2219 utriusque
1255 2182 1368 2206 sexus
1390 2169 1534 2219 polline
1554 2170 1615 2207 dc-

83 2233 241 2279 stitutis7
271 2232 411 2270 nitidis.
470 2232 540 2269 Pili
573 2234 691 2269 totius
722 2233 894 2282 eorporis
925 2231 1149 2282 perbreves,
1181 2232 1301 2282 nigr13
1338 2236 1442 2269 setae
1471 2232 1615 2269 medio-

85 2310 181 2341 eres,
210 2295 445 2332 com-olores.
502 2295 617 2333 Setae
647 2295 884 2345 myst-'trinae
905 2300 1069 2344 quatuor
1098 2294 1258 2339 validae,
1287 2296 1428 2344 nigrae.
1484 2295 1615 2346 Hypo-

85 2359 238 2409 pygium
269 2358 382 2395 maris
412 2358 578 2401 badium,
610 2359 777 2395 breviter
807 2357 1110 2407 nigro-pilosum.
1181 2358 1300 2395 Pedes
1329 2358 1531 2409 simplices.¹
1560 2359 1616 2395 ni-

86 2421 298 2473 gro-picei,
328 2420 474 2471 polline
504 2419 610 2455 nullo
640 2420 794 2470 aspersi.
853 2419 1026 2456 llaltcres
1057 2421 1326 2472 nigro-picei,
1357 2421 1525 2471 capitulo
1555 2435 1614 2457 su-

85 2497 204 2535 perne
233 2484 387 2520 sordide
416 2483 534 2519 luteo.
593 2483 687 2520 Alae
717 2482 1057 2532 albido-byaliuae,
1087 2484 1230 2522 lumine
1261 2485 1480 2521 transmisso
1510 2497 1616 2534 prae-

86 2552 144 2585 ter
173 2547 353 2597 marginis
383 2546 499 2582 antici
529 2545 731 2582 dimidium
761 2546 922 2596 apicale,
953 2550 1104 2596 praeter
1124 2549 1303 2585 trientem
1326 2546 1510 2596 apicalem
1533 2547 1616 2584 alac

88 2615 124 2647 et
153 2614 306 2661 praeter
333 2608 492 2646 limbum
521 2608 746 2645 latissimum
777 2609 956 2659 marginis
987 2610 1125 2659 postici
1155 2610 1308 2647 lacteae.
1338 2609 1467 2646 colore
1488 2614 1614 2648 tamen

88 2673 213 2711 lacteo
244 2674 280 2710 in
311 2672 378 2709 alis
408 2671 596 2709 foeminae
626 2672 749 2709 minus
779 2672 854 2710 late
883 2672 1022 2710 diss'uso
1044 2686 1158 2721 quam
1188 2674 1224 2709 in
1255 2672 1324 2709 alis
1353 2673 1467 2710 maris
1495 2677 1532 2710 ct
1561 2673 1615 2710 iu-
