<?xml version="1.0" encoding="UTF-8"?>
<!DOCTYPE html PUBLIC "-//W3C//DTD XHTML 1.0 Transitional//EN"
    "http://www.w3.org/TR/xhtml1/DTD/xhtml1-transitional.dtd">
<html xmlns="http://www.w3.org/1999/xhtml" xml:lang="en" lang="en">
 <head>
  <title>
</title>
<meta http-equiv="Content-Type" content="text/html;charset=utf-8" />
  <meta name='ocr-system' content='tesseract 3.04.00' />
  <meta name='ocr-capabilities' content='ocr_page ocr_carea ocr_par ocr_line ocrx_word'/>
</head>
<body>
  <div class='ocr_page' id='page_1' title='image "./dipteraamericaes00loew_0528.png"; bbox 0 0 1752 2978; ppageno 0'>
   <div class='ocr_carea' id='block_1_1' title="bbox 118 100 1095 148">
    <p class='ocr_par' dir='ltr' id='par_1_1' title="bbox 118 100 1095 148">
     <span class='ocr_line' id='line_1_1' title="bbox 118 100 1095 148; baseline -0.008 -6"><span class='ocrx_word' id='word_1_1' title='bbox 118 106 194 142; x_wconf 71' lang='lat'><strong>246</strong></span> <span class='ocrx_word' id='word_1_2' title='bbox 684 102 732 136; x_wconf 88' lang='lat' dir='ltr'><strong>H.</strong></span> <span class='ocrx_word' id='word_1_3' title='bbox 766 101 876 136; x_wconf 78' lang='lat' dir='ltr'><strong>Loew</strong></span> <span class='ocrx_word' id='word_1_4' title='bbox 884 114 895 135; x_wconf 90' lang='grc'><strong>.·</strong></span> <span class='ocrx_word' id='word_1_5' title='bbox 931 100 1095 148; x_wconf 81' lang='lat' dir='ltr'><strong>Diptera</strong></span> 
     </span>
    </p>
   </div>
   <div class='ocr_carea' id='block_1_2' title="bbox 117 206 1666 1474">
    <p class='ocr_par' dir='ltr' id='par_1_2' title="bbox 117 206 1661 579">
     <span class='ocr_line' id='line_1_2' title="bbox 118 206 1660 258; baseline -0.006 -9"><span class='ocrx_word' id='word_1_6' title='bbox 118 212 224 249; x_wconf 78' lang='lat' dir='ltr'><strong>dorsi</strong></span> <span class='ocrx_word' id='word_1_7' title='bbox 251 216 379 248; x_wconf 80' lang='lat' dir='ltr'><strong>tamen</strong></span> <span class='ocrx_word' id='word_1_8' title='bbox 407 208 567 246; x_wconf 76' lang='lat' dir='ltr'><strong>dimidio</strong></span> <span class='ocrx_word' id='word_1_9' title='bbox 596 212 790 245; x_wconf 71' lang='lat' dir='ltr'><strong>avaeterae&#39;ore</strong></span> <span class='ocrx_word' id='word_1_10' title='bbox 821 212 977 257; x_wconf 77' lang='lat' dir='ltr'><strong>praeter</strong></span> <span class='ocrx_word' id='word_1_11' title='bbox 1006 208 1130 244; x_wconf 76' lang='lat' dir='ltr'><strong>latera</strong></span> <span class='ocrx_word' id='word_1_12' title='bbox 1149 207 1430 258; x_wconf 75' lang='lat' dir='ltr'><strong>nigro-piloso;</strong></span> <span class='ocrx_word' id='word_1_13' title='bbox 1459 208 1556 241; x_wconf 74' lang='lat' dir='ltr'><strong>villa</strong></span> <span class='ocrx_word' id='word_1_14' title='bbox 1578 206 1660 240; x_wconf 79' lang='lat' dir='ltr'><strong>lata</strong></span> 
     </span>
     <span class='ocr_line' id='line_1_3' title="bbox 119 269 1656 323; baseline -0.006 -10"><span class='ocrx_word' id='word_1_15' title='bbox 119 276 332 313; x_wconf 78' lang='lat' dir='ltr'><strong><em>abdominis</em></strong></span> <span class='ocrx_word' id='word_1_16' title='bbox 361 273 479 323; x_wconf 79' lang='lat' dir='ltr'><strong>rufa3</strong></span> <span class='ocrx_word' id='word_1_17' title='bbox 512 271 628 322; x_wconf 81' lang='lat' dir='ltr'><strong>pedes</strong></span> <span class='ocrx_word' id='word_1_18' title='bbox 656 271 736 321; x_wconf 67' lang='lat' dir='ltr'><strong>⁷⁶²fi</strong></span> <span class='ocrx_word' id='word_1_19' title='bbox 762 272 820 308; x_wconf 82' lang='lat' dir='ltr'><strong>vel</strong></span> <span class='ocrx_word' id='word_1_20' title='bbox 847 284 893 308; x_wconf 81' lang='lat' dir='ltr'><strong>ex</strong></span> <span class='ocrx_word' id='word_1_21' title='bbox 923 271 1023 307; x_wconf 82' lang='lat' dir='ltr'><strong>luleo</strong></span> <span class='ocrx_word' id='word_1_22' title='bbox 1051 271 1148 321; x_wconf 74' lang='lat' dir='ltr'><strong>rufi,</strong></span> <span class='ocrx_word' id='word_1_23' title='bbox 1177 269 1388 318; x_wconf 76' lang='lat' dir='ltr'><strong>femor-ibus</strong></span> <span class='ocrx_word' id='word_1_24' title='bbox 1419 273 1561 305; x_wconf 78' lang='lat' dir='ltr'><strong>aulicis</strong></span> <span class='ocrx_word' id='word_1_25' title='bbox 1587 282 1656 318; x_wconf 85' lang='lat' dir='ltr'><strong>po-</strong></span> 
     </span>
     <span class='ocr_line' id='line_1_4' title="bbox 119 333 1660 389; baseline -0.006 -12"><span class='ocrx_word' id='word_1_26' title='bbox 119 340 302 389; x_wconf 76' lang='lat' dir='ltr'><strong>slicisque</strong></span> <span class='ocrx_word' id='word_1_27' title='bbox 327 343 482 386; x_wconf 78' lang='lat' dir='ltr'><strong>praeter</strong></span> <span class='ocrx_word' id='word_1_28' title='bbox 511 340 670 386; x_wconf 74' lang='lat' dir='ltr'><strong>apicem,</strong></span> <span class='ocrx_word' id='word_1_29' title='bbox 701 337 821 373; x_wconf 66' lang='lat' dir='ltr'><strong>litura</strong></span> <span class='ocrx_word' id='word_1_30' title='bbox 840 335 1041 386; x_wconf 80' lang='lat' dir='ltr'><strong>semorum</strong></span> <span class='ocrx_word' id='word_1_31' title='bbox 1072 335 1386 371; x_wconf 78' lang='lat' dir='ltr'><strong>intermediorum</strong></span> <span class='ocrx_word' id='word_1_32' title='bbox 1405 333 1660 384; x_wconf 76' lang='lat' dir='ltr'><strong><em>tibiarumque</em></strong></span> 
     </span>
     <span class='ocr_line' id='line_1_5' title="bbox 120 397 1661 453; baseline -0.004 -14"><span class='ocrx_word' id='word_1_33' title='bbox 120 407 359 453; x_wconf 73' lang='lat' dir='ltr'><strong>posticarum</strong></span> <span class='ocrx_word' id='word_1_34' title='bbox 396 400 557 437; x_wconf 76' lang='lat' dir='ltr'><strong>dimidio</strong></span> <span class='ocrx_word' id='word_1_35' title='bbox 593 401 738 450; x_wconf 74' lang='lat' dir='ltr'><strong>apicali</strong></span> <span class='ocrx_word' id='word_1_36' title='bbox 772 403 924 451; x_wconf 77' lang='lat' dir='ltr'><strong>nigris5</strong></span> <span class='ocrx_word' id='word_1_37' title='bbox 960 400 1045 436; x_wconf 85' lang='lat' dir='ltr'><strong>alae</strong></span> <span class='ocrx_word' id='word_1_38' title='bbox 1072 403 1336 450; x_wconf 54' lang='lat' dir='ltr'><strong>nighmmles,</strong></span> <span class='ocrx_word' id='word_1_39' title='bbox 1372 399 1511 434; x_wconf 79' lang='lat' dir='ltr'><em>triente</em></span> <span class='ocrx_word' id='word_1_40' title='bbox 1538 397 1661 434; x_wconf 77' lang='lat' dir='ltr'><strong>basali</strong></span> 
     </span>
     <span class='ocr_line' id='line_1_6' title="bbox 118 461 1657 517; baseline -0.003 -14"><span class='ocrx_word' id='word_1_41' title='bbox 118 473 273 517; x_wconf 85' lang='lat' dir='ltr'><strong>praeter</strong></span> <span class='ocrx_word' id='word_1_42' title='bbox 305 465 457 501; x_wconf 82' lang='lat' dir='ltr'><em>limbum</em></span> <span class='ocrx_word' id='word_1_43' title='bbox 488 471 617 501; x_wconf 78' lang='lat' dir='ltr'><strong>costae</strong></span> <span class='ocrx_word' id='word_1_44' title='bbox 646 464 740 500; x_wconf 82' lang='lat' dir='ltr'><strong>albo.</strong></span> <span class='ocrx_word' id='word_1_45' title='bbox 762 485 812 490; x_wconf 97' lang='lat'><strong>—</strong></span> <span class='ocrx_word' id='word_1_46' title='bbox 843 461 963 515; x_wconf 82' lang='lat' dir='ltr'><strong>Long.</strong></span> <span class='ocrx_word' id='word_1_47' title='bbox 994 476 1100 514; x_wconf 89' lang='lat' dir='ltr'><strong>corp.</strong></span> <span class='ocrx_word' id='word_1_48' title='bbox 1132 462 1278 506; x_wconf 77' lang='lat' dir='ltr'><strong>101in.,</strong></span> <span class='ocrx_word' id='word_1_49' title='bbox 1309 461 1410 512; x_wconf 78' lang='lat' dir='ltr'><strong>long.</strong></span> <span class='ocrx_word' id='word_1_50' title='bbox 1441 461 1486 498; x_wconf 86' lang='lat' dir='ltr'><strong>al.</strong></span> <span class='ocrx_word' id='word_1_51' title='bbox 1517 461 1594 509; x_wconf 58' lang='lat' dir='ltr'><strong>6T⁷5</strong></span> <span class='ocrx_word' id='word_1_52' title='bbox 1613 483 1657 488; x_wconf 93' lang='lat'>—</span> 
     </span>
     <span class='ocr_line' id='line_1_7' title="bbox 117 529 249 579; baseline 0 -11"><span class='ocrx_word' id='word_1_53' title='bbox 117 531 168 579; x_wconf 51' lang='grc' dir='ltr'><strong>δὲ</strong></span> <span class='ocrx_word' id='word_1_54' title='bbox 184 529 249 568; x_wconf 88' lang='lat' dir='ltr'><strong>lin.</strong></span> 
     </span>
    </p>

    <p class='ocr_par' dir='ltr' id='par_1_3' title="bbox 119 587 1666 1474">
     <span class='ocr_line' id='line_1_8' title="bbox 225 587 1660 644; baseline -0.003 -14"><span class='ocrx_word' id='word_1_55' title='bbox 225 592 353 644; x_wconf 81' lang='lat' dir='ltr'><strong>Niger,</strong></span> <span class='ocrx_word' id='word_1_56' title='bbox 382 593 558 630; x_wconf 79' lang='lat' dir='ltr'><strong>antennis</strong></span> <span class='ocrx_word' id='word_1_57' title='bbox 588 593 679 629; x_wconf 86' lang='lat' dir='ltr'><strong>totis</strong></span> <span class='ocrx_word' id='word_1_58' title='bbox 709 589 993 637; x_wconf 58' lang='lat' dir='ltr'><strong>concolor-ibus„</strong></span> <span class='ocrx_word' id='word_1_59' title='bbox 1023 591 1150 641; x_wconf 86' lang='lat' dir='ltr'><strong>capite</strong></span> <span class='ocrx_word' id='word_1_60' title='bbox 1178 589 1416 640; x_wconf 76' lang='lat' dir='ltr'><strong>thorace-que</strong></span> <span class='ocrx_word' id='word_1_61' title='bbox 1445 587 1587 639; x_wconf 81' lang='lat' dir='ltr'><strong>polline</strong></span> <span class='ocrx_word' id='word_1_62' title='bbox 1614 602 1660 625; x_wconf 84' lang='lat' dir='ltr'><strong>ex</strong></span> 
     </span>
     <span class='ocr_line' id='line_1_9' title="bbox 119 653 1663 707; baseline -0.005 -12"><span class='ocrx_word' id='word_1_63' title='bbox 119 658 225 695; x_wconf 83' lang='lat' dir='ltr'><strong>fusco</strong></span> <span class='ocrx_word' id='word_1_64' title='bbox 254 656 442 694; x_wconf 85' lang='lat' dir='ltr'><strong>ocbraceo</strong></span> <span class='ocrx_word' id='word_1_65' title='bbox 471 656 647 707; x_wconf 75' lang='lat' dir='ltr'>aspersis,</span> <span class='ocrx_word' id='word_1_66' title='bbox 676 655 742 693; x_wconf 75' lang='lat' dir='ltr'><strong>sed</strong></span> <span class='ocrx_word' id='word_1_67' title='bbox 774 655 824 692; x_wconf 89' lang='lat' dir='ltr'><strong>ita</strong></span> <span class='ocrx_word' id='word_1_68' title='bbox 857 659 895 690; x_wconf 83' lang='lat' dir='ltr'><strong>ut</strong></span> <span class='ocrx_word' id='word_1_69' title='bbox 926 655 1022 691; x_wconf 85' lang='lat' dir='ltr'><strong>vitta</strong></span> <span class='ocrx_word' id='word_1_70' title='bbox 1052 654 1279 692; x_wconf 86' lang='lat' dir='ltr'><strong>intermedia</strong></span> <span class='ocrx_word' id='word_1_71' title='bbox 1313 653 1481 690; x_wconf 85' lang='lat' dir='ltr'><strong>thoracis</strong></span> <span class='ocrx_word' id='word_1_72' title='bbox 1510 656 1663 704; x_wconf 80' lang='lat' dir='ltr'><strong>praeter</strong></span> 
     </span>
     <span class='ocr_line' id='line_1_10' title="bbox 120 715 1663 772; baseline -0.005 -14"><span class='ocrx_word' id='word_1_73' title='bbox 120 721 258 758; x_wconf 88' lang='lat' dir='ltr'><strong>lineam</strong></span> <span class='ocrx_word' id='word_1_74' title='bbox 295 721 461 758; x_wconf 86' lang='lat' dir='ltr'><strong>mediam</strong></span> <span class='ocrx_word' id='word_1_75' title='bbox 499 719 644 772; x_wconf 82' lang='lat' dir='ltr'><strong>polline</strong></span> <span class='ocrx_word' id='word_1_76' title='bbox 679 718 860 756; x_wconf 84' lang='lat' dir='ltr'><strong>dilutiore</strong></span> <span class='ocrx_word' id='word_1_77' title='bbox 897 720 999 756; x_wconf 89' lang='lat' dir='ltr'><strong>omni</strong></span> <span class='ocrx_word' id='word_1_78' title='bbox 1039 719 1243 764; x_wconf 67' lang='lat' dir='ltr'><strong>destituta,</strong></span> <span class='ocrx_word' id='word_1_79' title='bbox 1278 723 1359 754; x_wconf 84' lang='lat' dir='ltr'><strong>atra</strong></span> <span class='ocrx_word' id='word_1_80' title='bbox 1395 720 1433 754; x_wconf 81' lang='lat' dir='ltr'><strong>et</strong></span> <span class='ocrx_word' id='word_1_81' title='bbox 1464 729 1585 766; x_wconf 89' lang='lat' dir='ltr'><strong>opaca</strong></span> <span class='ocrx_word' id='word_1_82' title='bbox 1613 715 1663 753; x_wconf 89' lang='lat' dir='ltr'><strong>sit</strong></span> 
     </span>
     <span class='ocr_line' id='line_1_11' title="bbox 120 782 1663 834; baseline -0.004 -11"><span class='ocrx_word' id='word_1_83' title='bbox 120 790 156 823; x_wconf 82' lang='lat' dir='ltr'><strong>et</strong></span> <span class='ocrx_word' id='word_1_84' title='bbox 187 786 306 822; x_wconf 87' lang='lat' dir='ltr'><strong>vittae</strong></span> <span class='ocrx_word' id='word_1_85' title='bbox 337 784 513 822; x_wconf 78' lang='lat' dir='ltr'><strong>laterales</strong></span> <span class='ocrx_word' id='word_1_86' title='bbox 544 785 670 822; x_wconf 89' lang='lat' dir='ltr'><strong>minus</strong></span> <span class='ocrx_word' id='word_1_87' title='bbox 701 784 903 821; x_wconf 70' lang='lat' dir='ltr'><strong>confertim</strong></span> <span class='ocrx_word' id='word_1_88' title='bbox 928 783 1142 834; x_wconf 87' lang='lat' dir='ltr'><strong>pollinosae</strong></span> <span class='ocrx_word' id='word_1_89' title='bbox 1163 782 1420 832; x_wconf 82' lang='lat' dir='ltr'><strong>fusco-nigrae</strong></span> <span class='ocrx_word' id='word_1_90' title='bbox 1439 785 1663 833; x_wconf 80' lang='lat' dir='ltr'><strong>appareant.</strong></span> 
     </span>
     <span class='ocr_line' id='line_1_12' title="bbox 122 845 1664 899; baseline -0.002 -13"><span class='ocrx_word' id='word_1_91' title='bbox 122 849 322 886; x_wconf 76' lang='lat' dir='ltr'><strong>Abdomen</strong></span> <span class='ocrx_word' id='word_1_92' title='bbox 353 852 481 886; x_wconf 78' lang='lat' dir='ltr'><strong>totum</strong></span> <span class='ocrx_word' id='word_1_93' title='bbox 513 848 691 895; x_wconf 72' lang='lat' dir='ltr'><strong>nitidum,</strong></span> <span class='ocrx_word' id='word_1_94' title='bbox 721 848 819 886; x_wconf 70' lang='lat' dir='ltr'><strong>vitta</strong></span> <span class='ocrx_word' id='word_1_95' title='bbox 849 847 937 893; x_wconf 74' lang='lat' dir='ltr'><strong>lata,</strong></span> <span class='ocrx_word' id='word_1_96' title='bbox 967 848 1004 884; x_wconf 92' lang='lat' dir='ltr'><strong>in</strong></span> <span class='ocrx_word' id='word_1_97' title='bbox 1034 851 1237 899; x_wconf 83' lang='lat' dir='ltr'><strong>segmento</strong></span> <span class='ocrx_word' id='word_1_98' title='bbox 1258 845 1428 884; x_wconf 85' lang='lat' dir='ltr'><strong>secundo</strong></span> <span class='ocrx_word' id='word_1_99' title='bbox 1451 845 1664 898; x_wconf 70' lang='lat' dir='ltr'><strong>incipiente</strong></span> 
     </span>
     <span class='ocr_line' id='line_1_13' title="bbox 121 910 1661 964; baseline -0.003 -13"><span class='ocrx_word' id='word_1_100' title='bbox 121 919 157 951; x_wconf 83' lang='lat' dir='ltr'><strong>et</strong></span> <span class='ocrx_word' id='word_1_101' title='bbox 196 918 329 951; x_wconf 89' lang='lat' dir='ltr'><strong>ventre</strong></span> <span class='ocrx_word' id='word_1_102' title='bbox 367 913 445 950; x_wconf 76' lang='lat' dir='ltr'><strong>sere</strong></span> <span class='ocrx_word' id='word_1_103' title='bbox 482 917 565 950; x_wconf 74' lang='lat' dir='ltr'><strong>toto</strong></span> <span class='ocrx_word' id='word_1_104' title='bbox 600 912 704 950; x_wconf 82' lang='lat' dir='ltr'><strong>rufis.</strong></span> <span class='ocrx_word' id='word_1_105' title='bbox 764 912 1041 964; x_wconf 75' lang='lat' dir='ltr'><strong>Hypopygium</strong></span> <span class='ocrx_word' id='word_1_106' title='bbox 1081 912 1232 962; x_wconf 79' lang='lat' dir='ltr'><strong>nigrum</strong></span> <span class='ocrx_word' id='word_1_107' title='bbox 1272 911 1330 947; x_wconf 88' lang='lat' dir='ltr'><strong>vel</strong></span> <span class='ocrx_word' id='word_1_108' title='bbox 1369 910 1661 961; x_wconf 80' lang='lat' dir='ltr'><strong>piceo-nigrum.</strong></span> 
     </span>
     <span class='ocr_line' id='line_1_14' title="bbox 123 974 1663 1024; baseline -0.003 -9"><span class='ocrx_word' id='word_1_109' title='bbox 123 978 242 1016; x_wconf 82' lang='lat' dir='ltr'><strong>Pedes</strong></span> <span class='ocrx_word' id='word_1_110' title='bbox 271 976 344 1015; x_wconf 80' lang='lat' dir='ltr'><strong>ruli</strong></span> <span class='ocrx_word' id='word_1_111' title='bbox 376 977 435 1015; x_wconf 88' lang='lat' dir='ltr'><strong>vel</strong></span> <span class='ocrx_word' id='word_1_112' title='bbox 465 991 512 1015; x_wconf 78' lang='lat' dir='ltr'><strong>ex</strong></span> <span class='ocrx_word' id='word_1_113' title='bbox 545 976 650 1014; x_wconf 89' lang='lat' dir='ltr'><strong>luteo</strong></span> <span class='ocrx_word' id='word_1_114' title='bbox 680 976 766 1020; x_wconf 72' lang='lat' dir='ltr'><strong>rufi,</strong></span> <span class='ocrx_word' id='word_1_115' title='bbox 797 977 905 1014; x_wconf 83' lang='lat' dir='ltr'><strong>coxis</strong></span> <span class='ocrx_word' id='word_1_116' title='bbox 935 976 1127 1015; x_wconf 51' lang='lat' dir='ltr'><strong>omnibus.¹</strong></span> <span class='ocrx_word' id='word_1_117' title='bbox 1156 974 1365 1012; x_wconf 84' lang='lat' dir='ltr'><strong>femoribus</strong></span> <span class='ocrx_word' id='word_1_118' title='bbox 1387 974 1524 1011; x_wconf 78' lang='lat' dir='ltr'><strong>aulicis</strong></span> <span class='ocrx_word' id='word_1_119' title='bbox 1545 974 1663 1024; x_wconf 83' lang='lat' dir='ltr'><strong>posti-</strong></span> 
     </span>
     <span class='ocr_line' id='line_1_15' title="bbox 121 1038 1664 1093; baseline -0.002 -15"><span class='ocrx_word' id='word_1_120' title='bbox 121 1043 251 1092; x_wconf 82' lang='lat' dir='ltr'><strong>cisque</strong></span> <span class='ocrx_word' id='word_1_121' title='bbox 282 1046 433 1093; x_wconf 87' lang='lat' dir='ltr'><strong>praeter</strong></span> <span class='ocrx_word' id='word_1_122' title='bbox 463 1042 632 1092; x_wconf 62' lang='lat' dir='ltr'><strong>apicem„</strong></span> <span class='ocrx_word' id='word_1_123' title='bbox 668 1040 858 1078; x_wconf 86' lang='lat' dir='ltr'><strong>femorum</strong></span> <span class='ocrx_word' id='word_1_124' title='bbox 889 1040 1210 1078; x_wconf 78' lang='lat' dir='ltr'><strong>intermediorum</strong></span> <span class='ocrx_word' id='word_1_125' title='bbox 1242 1038 1355 1075; x_wconf 76' lang='lat' dir='ltr'><strong>litura</strong></span> <span class='ocrx_word' id='word_1_126' title='bbox 1386 1038 1526 1089; x_wconf 61' lang='lat' dir='ltr'><strong>supera</strong></span> <span class='ocrx_word' id='word_1_127' title='bbox 1554 1038 1664 1075; x_wconf 86' lang='lat' dir='ltr'><strong>tibia·</strong></span> 
     </span>
     <span class='ocr_line' id='line_1_16' title="bbox 120 1101 1665 1157; baseline -0.004 -15"><span class='ocrx_word' id='word_1_128' title='bbox 120 1119 282 1157; x_wconf 75' lang='lat' dir='ltr'><strong>rumque</strong></span> <span class='ocrx_word' id='word_1_129' title='bbox 319 1106 555 1157; x_wconf 86' lang='lat' dir='ltr'><strong>posticarum</strong></span> <span class='ocrx_word' id='word_1_130' title='bbox 587 1105 747 1142; x_wconf 78' lang='lat' dir='ltr'><strong>dimidio</strong></span> <span class='ocrx_word' id='word_1_131' title='bbox 777 1103 915 1155; x_wconf 87' lang='lat' dir='ltr'><strong>apicali</strong></span> <span class='ocrx_word' id='word_1_132' title='bbox 944 1104 1022 1141; x_wconf 86' lang='lat' dir='ltr'><strong>fere</strong></span> <span class='ocrx_word' id='word_1_133' title='bbox 1052 1108 1136 1141; x_wconf 81' lang='lat' dir='ltr'><strong>toto</strong></span> <span class='ocrx_word' id='word_1_134' title='bbox 1168 1104 1297 1153; x_wconf 75' lang='lat' dir='ltr'><strong>nigris.</strong></span> <span class='ocrx_word' id='word_1_135' title='bbox 1356 1101 1427 1140; x_wconf 88' lang='lat' dir='ltr'><strong>Pili</strong></span> <span class='ocrx_word' id='word_1_136' title='bbox 1459 1102 1597 1139; x_wconf 85' lang='lat' dir='ltr'><strong>frontis</strong></span> <span class='ocrx_word' id='word_1_137' title='bbox 1628 1106 1665 1139; x_wconf 80' lang='lat' dir='ltr'><strong>et</strong></span> 
     </span>
     <span class='ocr_line' id='line_1_17' title="bbox 121 1166 1665 1222; baseline -0.005 -14"><span class='ocrx_word' id='word_1_138' title='bbox 121 1172 280 1222; x_wconf 79' lang='lat' dir='ltr'><strong>forcipis</strong></span> <span class='ocrx_word' id='word_1_139' title='bbox 310 1170 429 1207; x_wconf 85' lang='lat' dir='ltr'><strong>analis</strong></span> <span class='ocrx_word' id='word_1_140' title='bbox 460 1170 703 1222; x_wconf 73' lang='lat' dir='ltr'><strong>nigro-fusci3</strong></span> <span class='ocrx_word' id='word_1_141' title='bbox 734 1168 902 1205; x_wconf 77' lang='lat' dir='ltr'><strong>thoracis</strong></span> <span class='ocrx_word' id='word_1_142' title='bbox 936 1168 1030 1205; x_wconf 83' lang='lat' dir='ltr'><strong>vitta</strong></span> <span class='ocrx_word' id='word_1_143' title='bbox 1060 1167 1290 1205; x_wconf 83' lang='lat' dir='ltr'><strong>intermedia</strong></span> <span class='ocrx_word' id='word_1_144' title='bbox 1322 1180 1408 1203; x_wconf 82' lang='lat' dir='ltr'><strong>cum</strong></span> <span class='ocrx_word' id='word_1_145' title='bbox 1436 1166 1665 1210; x_wconf 86' lang='lat' dir='ltr'><strong>interstitiis,</strong></span> 
     </span>
     <span class='ocr_line' id='line_1_18' title="bbox 122 1232 1665 1285; baseline -0.003 -14"><span class='ocrx_word' id='word_1_146' title='bbox 122 1235 257 1285; x_wconf 81' lang='lat' dir='ltr'><strong>quibus</strong></span> <span class='ocrx_word' id='word_1_147' title='bbox 288 1247 306 1271; x_wconf 89' lang='lat' dir='ltr'><strong>a</strong></span> <span class='ocrx_word' id='word_1_148' title='bbox 337 1235 442 1271; x_wconf 85' lang='lat' dir='ltr'><strong>vittis</strong></span> <span class='ocrx_word' id='word_1_149' title='bbox 472 1233 697 1271; x_wconf 83' lang='lat' dir='ltr'><strong>lateralibus</strong></span> <span class='ocrx_word' id='word_1_150' title='bbox 728 1232 992 1282; x_wconf 64' lang='lat' dir='ltr'><strong>distinguitur,</strong></span> <span class='ocrx_word' id='word_1_151' title='bbox 1023 1232 1109 1283; x_wconf 88' lang='lat' dir='ltr'><strong>pilis</strong></span> <span class='ocrx_word' id='word_1_152' title='bbox 1130 1232 1252 1282; x_wconf 71' lang='lat' dir='ltr'><strong>nigris</strong></span> <span class='ocrx_word' id='word_1_153' title='bbox 1274 1232 1480 1277; x_wconf 47' lang='lat' dir='ltr'><strong>instructam</strong></span> <span class='ocrx_word' id='word_1_154' title='bbox 1511 1234 1665 1279; x_wconf 82' lang='lat' dir='ltr'><strong>mystax</strong></span> 
     </span>
     <span class='ocr_line' id='line_1_19' title="bbox 122 1295 1666 1348; baseline -0.003 -12"><span class='ocrx_word' id='word_1_155' title='bbox 122 1312 169 1336; x_wconf 83' lang='lat' dir='ltr'><strong>ex</strong></span> <span class='ocrx_word' id='word_1_156' title='bbox 208 1298 314 1335; x_wconf 85' lang='lat' dir='ltr'><strong>fusco</strong></span> <span class='ocrx_word' id='word_1_157' title='bbox 345 1297 545 1348; x_wconf 75' lang='lat' dir='ltr'><strong>vulpinus3</strong></span> <span class='ocrx_word' id='word_1_158' title='bbox 582 1297 649 1348; x_wconf 89' lang='lat' dir='ltr'><strong>pili</strong></span> <span class='ocrx_word' id='word_1_159' title='bbox 687 1296 824 1346; x_wconf 83' lang='lat' dir='ltr'><strong>reliqui</strong></span> <span class='ocrx_word' id='word_1_160' title='bbox 862 1296 1035 1347; x_wconf 81' lang='lat' dir='ltr'><strong>corporis</strong></span> <span class='ocrx_word' id='word_1_161' title='bbox 1066 1295 1203 1333; x_wconf 87' lang='lat' dir='ltr'><strong>laetius</strong></span> <span class='ocrx_word' id='word_1_162' title='bbox 1233 1295 1405 1346; x_wconf 79' lang='lat' dir='ltr'><strong>vulpini,</strong></span> <span class='ocrx_word' id='word_1_163' title='bbox 1443 1299 1547 1332; x_wconf 84' lang='lat' dir='ltr'><strong>setae</strong></span> <span class='ocrx_word' id='word_1_164' title='bbox 1577 1307 1666 1331; x_wconf 90' lang='lat' dir='ltr'><strong>con-</strong></span> 
     </span>
     <span class='ocr_line' id='line_1_20' title="bbox 124 1358 1665 1412; baseline -0.003 -13"><span class='ocrx_word' id='word_1_165' title='bbox 124 1362 285 1400; x_wconf 86' lang='lat' dir='ltr'><strong>colores.</strong></span> <span class='ocrx_word' id='word_1_166' title='bbox 343 1361 437 1400; x_wconf 84' lang='lat' dir='ltr'><strong>Alae</strong></span> <span class='ocrx_word' id='word_1_167' title='bbox 466 1362 719 1412; x_wconf 70' lang='lat' dir='ltr'><strong>nigricantes,</strong></span> <span class='ocrx_word' id='word_1_168' title='bbox 757 1361 864 1398; x_wconf 78' lang='lat' dir='ltr'><strong>venis</strong></span> <span class='ocrx_word' id='word_1_169' title='bbox 893 1360 1158 1408; x_wconf 71' lang='lat' dir='ltr'><strong>fusco-nigris,</strong></span> <span class='ocrx_word' id='word_1_170' title='bbox 1189 1359 1331 1395; x_wconf 84' lang='lat' dir='ltr'><strong>triente</strong></span> <span class='ocrx_word' id='word_1_171' title='bbox 1362 1358 1480 1395; x_wconf 82' lang='lat' dir='ltr'><strong>basali</strong></span> <span class='ocrx_word' id='word_1_172' title='bbox 1512 1362 1665 1408; x_wconf 87' lang='lat' dir='ltr'><strong>praeter</strong></span> 
     </span>
     <span class='ocr_line' id='line_1_21' title="bbox 125 1422 1253 1474; baseline -0.003 -12"><span class='ocrx_word' id='word_1_173' title='bbox 125 1427 284 1464; x_wconf 87' lang='lat' dir='ltr'><strong>limbum</strong></span> <span class='ocrx_word' id='word_1_174' title='bbox 315 1430 444 1464; x_wconf 86' lang='lat' dir='ltr'><strong>costae</strong></span> <span class='ocrx_word' id='word_1_175' title='bbox 473 1424 570 1463; x_wconf 78' lang='lat' dir='ltr'><strong>albo</strong></span> <span class='ocrx_word' id='word_1_176' title='bbox 596 1446 640 1452; x_wconf 79' lang='lat'>—</span> <span class='ocrx_word' id='word_1_177' title='bbox 674 1425 923 1474; x_wconf 77' lang='lat' dir='ltr'><strong>(Calisornia3</strong></span> <span class='ocrx_word' id='word_1_178' title='bbox 954 1422 1000 1461; x_wconf 91' lang='lat' dir='ltr'><strong>H.</strong></span> <span class='ocrx_word' id='word_1_179' title='bbox 1031 1422 1253 1471; x_wconf 75' lang='lat' dir='ltr'><strong>Edwards.)</strong></span> 
     </span>
    </p>
   </div>
   <div class='ocr_carea' id='block_1_3' title="bbox 121 1538 1668 1848">
    <p class='ocr_par' dir='ltr' id='par_1_4' title="bbox 121 1538 1668 1848">
     <span class='ocr_line' id='line_1_22' title="bbox 227 1538 1667 1592; baseline -0.005 -10"><span class='ocrx_word' id='word_1_180' title='bbox 227 1544 289 1582; x_wconf 84' lang='grc'><strong>32.</strong></span> <span class='ocrx_word' id='word_1_181' title='bbox 322 1543 592 1580; x_wconf 75' lang='lat' dir='ltr'><strong>Callinicus</strong></span> <span class='ocrx_word' id='word_1_182' title='bbox 622 1543 904 1581; x_wconf 75' lang='lat' dir='ltr'><strong>calcaneus,</strong></span> <span class='ocrx_word' id='word_1_183' title='bbox 945 1554 1032 1577; x_wconf 79' lang='lat' dir='ltr'><strong>nov,</strong></span> <span class='ocrx_word' id='word_1_184' title='bbox 1063 1554 1118 1592; x_wconf 87' lang='lat' dir='ltr'><strong>sp.</strong></span> <span class='ocrx_word' id='word_1_185' title='bbox 1150 1538 1188 1582; x_wconf 64' lang='lat'><strong>0⁷*</strong></span> <span class='ocrx_word' id='word_1_186' title='bbox 1212 1545 1248 1577; x_wconf 76' lang='lat' dir='ltr'><strong>et</strong></span> <span class='ocrx_word' id='word_1_187' title='bbox 1271 1538 1311 1580; x_wconf 70' lang='grc'><strong>9.</strong></span> <span class='ocrx_word' id='word_1_188' title='bbox 1335 1561 1384 1567; x_wconf 91' lang='grc'><strong>-</strong></span> <span class='ocrx_word' id='word_1_189' title='bbox 1419 1539 1573 1589; x_wconf 72' lang='lat' dir='ltr'><strong>Rufus,</strong></span> <span class='ocrx_word' id='word_1_190' title='bbox 1610 1544 1667 1576; x_wconf 86' lang='lat' dir='ltr'><strong>ni-</strong></span> 
     </span>
     <span class='ocr_line' id='line_1_23' title="bbox 122 1605 1667 1658; baseline -0.003 -14"><span class='ocrx_word' id='word_1_191' title='bbox 122 1609 238 1653; x_wconf 69' lang='lat' dir='ltr'><strong>lidus,</strong></span> <span class='ocrx_word' id='word_1_192' title='bbox 269 1609 441 1644; x_wconf 73' lang='lat' dir='ltr'><strong>thoracis</strong></span> <span class='ocrx_word' id='word_1_193' title='bbox 469 1606 756 1658; x_wconf 76' lang='lat' dir='ltr'><strong>abdominisque</strong></span> <span class='ocrx_word' id='word_1_194' title='bbox 785 1607 910 1643; x_wconf 81' lang='lat' dir='ltr'><strong>colore</strong></span> <span class='ocrx_word' id='word_1_195' title='bbox 938 1610 1066 1656; x_wconf 76' lang='lat' dir='ltr'><strong>magis</strong></span> <span class='ocrx_word' id='word_1_196' title='bbox 1098 1610 1136 1641; x_wconf 83' lang='lat' dir='ltr'><strong>in</strong></span> <span class='ocrx_word' id='word_1_197' title='bbox 1166 1606 1263 1641; x_wconf 81' lang='lat' dir='ltr'><strong>laete</strong></span> <span class='ocrx_word' id='word_1_198' title='bbox 1291 1605 1443 1640; x_wconf 78' lang='lat' dir='ltr'><strong>badium</strong></span> <span class='ocrx_word' id='word_1_199' title='bbox 1474 1610 1667 1655; x_wconf 72' lang='lat' dir='ltr'><strong>vergente,</strong></span> 
     </span>
     <span class='ocr_line' id='line_1_24' title="bbox 121 1669 1666 1722; baseline -0.003 -13"><span class='ocrx_word' id='word_1_200' title='bbox 121 1674 263 1722; x_wconf 81' lang='lat' dir='ltr'><strong>polline</strong></span> <span class='ocrx_word' id='word_1_201' title='bbox 293 1676 455 1722; x_wconf 75' lang='lat' dir='ltr'><strong>capitis,</strong></span> <span class='ocrx_word' id='word_1_202' title='bbox 484 1672 726 1707; x_wconf 81' lang='lat' dir='ltr'><strong>humerorum</strong></span> <span class='ocrx_word' id='word_1_203' title='bbox 754 1672 1052 1721; x_wconf 77' lang='lat' dir='ltr'><strong>pleurarumque</strong></span> <span class='ocrx_word' id='word_1_204' title='bbox 1081 1671 1178 1706; x_wconf 84' lang='lat' dir='ltr'><strong>laele</strong></span> <span class='ocrx_word' id='word_1_205' title='bbox 1208 1670 1410 1706; x_wconf 61' lang='lat' dir='ltr'><strong>ochi-aceo.</strong></span> <span class='ocrx_word' id='word_1_206' title='bbox 1451 1672 1559 1704; x_wconf 77' lang='lat' dir='ltr'><strong>villis</strong></span> <span class='ocrx_word' id='word_1_207' title='bbox 1588 1669 1666 1704; x_wconf 77' lang='lat' dir='ltr'><strong>llio-</strong></span> 
     </span>
     <span class='ocr_line' id='line_1_25' title="bbox 122 1733 1667 1788; baseline -0.003 -16"><span class='ocrx_word' id='word_1_208' title='bbox 122 1738 226 1774; x_wconf 82' lang='lat' dir='ltr'><strong>racis</strong></span> <span class='ocrx_word' id='word_1_209' title='bbox 256 1741 405 1788; x_wconf 73' lang='lat' dir='ltr'><strong>nigri33</strong></span> <span class='ocrx_word' id='word_1_210' title='bbox 443 1737 527 1772; x_wconf 86' lang='lat' dir='ltr'><strong>alae</strong></span> <span class='ocrx_word' id='word_1_211' title='bbox 546 1735 712 1785; x_wconf 74' lang='lat' dir='ltr'><strong>fuscae.</strong></span> <span class='ocrx_word' id='word_1_212' title='bbox 751 1735 892 1771; x_wconf 80' lang='lat' dir='ltr'><strong>lumine</strong></span> <span class='ocrx_word' id='word_1_213' title='bbox 921 1740 1024 1771; x_wconf 79' lang='lat' dir='ltr'><strong>cerlo</strong></span> <span class='ocrx_word' id='word_1_214' title='bbox 1053 1735 1445 1770; x_wconf 68' lang='lat' dir='ltr'><strong>violaceo-micantes.</strong></span> <span class='ocrx_word' id='word_1_215' title='bbox 1483 1733 1667 1768; x_wconf 79' lang='lat' dir='ltr'><strong>adversus</strong></span> 
     </span>
     <span class='ocr_line' id='line_1_26' title="bbox 123 1796 1668 1848; baseline -0.005 -11"><span class='ocrx_word' id='word_1_216' title='bbox 123 1807 270 1837; x_wconf 76' lang='lat' dir='ltr'><strong>coslam</strong></span> <span class='ocrx_word' id='word_1_217' title='bbox 313 1805 491 1836; x_wconf 74' lang='lat' dir='ltr'><strong>saturale</strong></span> <span class='ocrx_word' id='word_1_218' title='bbox 533 1799 601 1836; x_wconf 84' lang='lat' dir='ltr'><strong>secl</strong></span> <span class='ocrx_word' id='word_1_219' title='bbox 639 1799 793 1835; x_wconf 77' lang='lat' dir='ltr'><strong>sordide</strong></span> <span class='ocrx_word' id='word_1_220' title='bbox 830 1800 966 1837; x_wconf 83' lang='lat' dir='ltr'><strong>luteae.</strong></span> <span class='ocrx_word' id='word_1_221' title='bbox 995 1820 1043 1825; x_wconf 88' lang='lat'><strong>—</strong></span> <span class='ocrx_word' id='word_1_222' title='bbox 1082 1797 1200 1848; x_wconf 74' lang='lat' dir='ltr'><strong>Long.</strong></span> <span class='ocrx_word' id='word_1_223' title='bbox 1241 1810 1345 1847; x_wconf 82' lang='lat' dir='ltr'><strong>corp.</strong></span> <span class='ocrx_word' id='word_1_224' title='bbox 1382 1796 1565 1844; x_wconf 61' lang='lat'><strong>6}-—9„÷</strong></span> <span class='ocrx_word' id='word_1_225' title='bbox 1588 1796 1668 1839; x_wconf 65' lang='lat' dir='ltr'><strong>lin.‚</strong></span> 
     </span>
    </p>
   </div>
   <div class='ocr_carea' id='block_1_4' title="bbox 127 1863 572 1916">
    <p class='ocr_par' dir='ltr' id='par_1_5' title="bbox 127 1863 572 1916">
     <span class='ocr_line' id='line_1_27' title="bbox 127 1863 572 1916; baseline -0.002 -14"><span class='ocrx_word' id='word_1_226' title='bbox 127 1865 226 1916; x_wconf 83' lang='lat' dir='ltr'><strong>long.</strong></span> <span class='ocrx_word' id='word_1_227' title='bbox 258 1864 304 1901; x_wconf 87' lang='lat' dir='ltr'><strong>al.</strong></span> <span class='ocrx_word' id='word_1_228' title='bbox 335 1865 386 1914; x_wconf 52' lang='grc' dir='ltr'><strong>δὲ</strong></span> <span class='ocrx_word' id='word_1_229' title='bbox 403 1887 449 1892; x_wconf 86' lang='lat'>—</span> <span class='ocrx_word' id='word_1_230' title='bbox 468 1865 492 1902; x_wconf 88' lang='grc'>8</span> <span class='ocrx_word' id='word_1_231' title='bbox 509 1863 572 1901; x_wconf 91' lang='lat' dir='ltr'><strong>lin.</strong></span> 
     </span>
    </p>
   </div>
   <div class='ocr_carea' id='block_1_5' title="bbox 123 1932 1670 2818">
    <p class='ocr_par' dir='ltr' id='par_1_6' title="bbox 123 1932 1670 2818">
     <span class='ocr_line' id='line_1_28' title="bbox 230 1932 1669 1984; baseline -0.005 -8"><span class='ocrx_word' id='word_1_232' title='bbox 230 1938 288 1975; x_wconf 80' lang='lat' dir='ltr'><strong>Ex</strong></span> <span class='ocrx_word' id='word_1_233' title='bbox 309 1938 424 1976; x_wconf 88' lang='lat' dir='ltr'><strong>badio</strong></span> <span class='ocrx_word' id='word_1_234' title='bbox 445 1937 567 1984; x_wconf 79' lang='lat' dir='ltr'><strong>rufus,</strong></span> <span class='ocrx_word' id='word_1_235' title='bbox 590 1936 746 1973; x_wconf 82' lang='lat' dir='ltr'><strong>thorace</strong></span> <span class='ocrx_word' id='word_1_236' title='bbox 769 1936 931 1983; x_wconf 77' lang='lat' dir='ltr'><strong>modice,</strong></span> <span class='ocrx_word' id='word_1_237' title='bbox 953 1936 1160 1973; x_wconf 81' lang='lat' dir='ltr'><strong>abdomine</strong></span> <span class='ocrx_word' id='word_1_238' title='bbox 1180 1935 1314 1972; x_wconf 82' lang='lat' dir='ltr'><strong>laetius</strong></span> <span class='ocrx_word' id='word_1_239' title='bbox 1336 1935 1495 1972; x_wconf 88' lang='lat' dir='ltr'><strong>nitente.</strong></span> <span class='ocrx_word' id='word_1_240' title='bbox 1543 1932 1669 1984; x_wconf 82' lang='lat' dir='ltr'><strong>Caput</strong></span> 
     </span>
     <span class='ocr_line' id='line_1_29' title="bbox 124 1997 1668 2054; baseline -0.005 -14"><span class='ocrx_word' id='word_1_241' title='bbox 124 2008 276 2054; x_wconf 84' lang='lat' dir='ltr'><strong>praeter</strong></span> <span class='ocrx_word' id='word_1_242' title='bbox 306 2001 445 2040; x_wconf 90' lang='lat' dir='ltr'><strong>callum</strong></span> <span class='ocrx_word' id='word_1_243' title='bbox 469 2000 612 2039; x_wconf 85' lang='lat' dir='ltr'><strong>ocellos</strong></span> <span class='ocrx_word' id='word_1_244' title='bbox 632 2000 817 2038; x_wconf 86' lang='lat' dir='ltr'><strong>ferentem</strong></span> <span class='ocrx_word' id='word_1_245' title='bbox 842 2000 987 2051; x_wconf 90' lang='lat' dir='ltr'><strong>polline</strong></span> <span class='ocrx_word' id='word_1_246' title='bbox 1009 1999 1108 2037; x_wconf 87' lang='lat' dir='ltr'><strong>laete</strong></span> <span class='ocrx_word' id='word_1_247' title='bbox 1128 1998 1452 2036; x_wconf 81' lang='lat' dir='ltr'><strong>aureo-ochraceo</strong></span> <span class='ocrx_word' id='word_1_248' title='bbox 1473 1997 1668 2034; x_wconf 84' lang='lat' dir='ltr'><strong>vestitum.</strong></span> 
     </span>
     <span class='ocr_line' id='line_1_30' title="bbox 125 2059 1669 2112; baseline -0.004 -10"><span class='ocrx_word' id='word_1_249' title='bbox 125 2067 326 2104; x_wconf 85' lang='lat' dir='ltr'><strong>Antennae</strong></span> <span class='ocrx_word' id='word_1_250' title='bbox 356 2079 404 2103; x_wconf 82' lang='lat' dir='ltr'><strong>ex</strong></span> <span class='ocrx_word' id='word_1_251' title='bbox 433 2065 540 2103; x_wconf 85' lang='lat' dir='ltr'><strong>luteo</strong></span> <span class='ocrx_word' id='word_1_252' title='bbox 570 2064 696 2111; x_wconf 78' lang='lat' dir='ltr'><strong>rufae,</strong></span> <span class='ocrx_word' id='word_1_253' title='bbox 726 2064 887 2101; x_wconf 83' lang='lat' dir='ltr'><strong>articulo</strong></span> <span class='ocrx_word' id='word_1_254' title='bbox 919 2064 1036 2101; x_wconf 83' lang='lat' dir='ltr'><strong>tertio</strong></span> <span class='ocrx_word' id='word_1_255' title='bbox 1067 2064 1190 2112; x_wconf 75' lang='lat' dir='ltr'><strong>nigro,</strong></span> <span class='ocrx_word' id='word_1_256' title='bbox 1218 2061 1318 2099; x_wconf 86' lang='lat' dir='ltr'><strong>infra</strong></span> <span class='ocrx_word' id='word_1_257' title='bbox 1349 2065 1386 2099; x_wconf 85' lang='lat' dir='ltr'><strong>et.</strong></span> <span class='ocrx_word' id='word_1_258' title='bbox 1416 2061 1453 2097; x_wconf 93' lang='lat' dir='ltr'><strong>in</strong></span> <span class='ocrx_word' id='word_1_259' title='bbox 1484 2060 1559 2098; x_wconf 74' lang='lat' dir='ltr'><strong>ima</strong></span> <span class='ocrx_word' id='word_1_260' title='bbox 1591 2059 1669 2096; x_wconf 87' lang='lat' dir='ltr'><strong>basi</strong></span> 
     </span>
     <span class='ocr_line' id='line_1_31' title="bbox 124 2124 1669 2180; baseline -0.004 -14"><span class='ocrx_word' id='word_1_261' title='bbox 124 2129 351 2180; x_wconf 85' lang='lat' dir='ltr'><strong>plerumque</strong></span> <span class='ocrx_word' id='word_1_262' title='bbox 388 2128 622 2175; x_wconf 79' lang='lat' dir='ltr'><strong>luteo-1·uso;</strong></span> <span class='ocrx_word' id='word_1_263' title='bbox 664 2127 789 2177; x_wconf 85' lang='lat' dir='ltr'><strong>stylus</strong></span> <span class='ocrx_word' id='word_1_264' title='bbox 827 2127 1040 2166; x_wconf 85' lang='lat' dir='ltr'><strong>terminalis</strong></span> <span class='ocrx_word' id='word_1_265' title='bbox 1080 2127 1305 2172; x_wconf 85' lang='lat' dir='ltr'><strong>mediocris,</strong></span> <span class='ocrx_word' id='word_1_266' title='bbox 1342 2138 1510 2171; x_wconf 69' lang='lat' dir='ltr'><strong>crassus,</strong></span> <span class='ocrx_word' id='word_1_267' title='bbox 1549 2124 1669 2173; x_wconf 71' lang='lat' dir='ltr'><strong>niger„</strong></span> 
     </span>
     <span class='ocr_line' id='line_1_32' title="bbox 123 2187 1668 2243; baseline -0.003 -15"><span class='ocrx_word' id='word_1_268' title='bbox 123 2192 289 2230; x_wconf 78' lang='lat' dir='ltr'><strong>articulo</strong></span> <span class='ocrx_word' id='word_1_269' title='bbox 326 2192 516 2230; x_wconf 83' lang='lat' dir='ltr'><strong>terminali</strong></span> <span class='ocrx_word' id='word_1_270' title='bbox 548 2205 756 2243; x_wconf 77' lang='lat' dir='ltr'><strong>perparvo,</strong></span> <span class='ocrx_word' id='word_1_271' title='bbox 794 2192 987 2230; x_wconf 88' lang='lat' dir='ltr'><strong>subulato.</strong></span> <span class='ocrx_word' id='word_1_272' title='bbox 1045 2190 1250 2228; x_wconf 85' lang='lat' dir='ltr'><strong>Proboscis</strong></span> <span class='ocrx_word' id='word_1_273' title='bbox 1280 2202 1367 2226; x_wconf 89' lang='lat' dir='ltr'><strong>cum</strong></span> <span class='ocrx_word' id='word_1_274' title='bbox 1398 2187 1522 2240; x_wconf 86' lang='lat' dir='ltr'><strong>palpis</strong></span> <span class='ocrx_word' id='word_1_275' title='bbox 1552 2187 1668 2238; x_wconf 81' lang='lat' dir='ltr'><strong>nigra.</strong></span> 
     </span>
     <span class='ocr_line' id='line_1_33' title="bbox 124 2250 1670 2307; baseline -0.003 -14"><span class='ocrx_word' id='word_1_276' title='bbox 124 2256 306 2294; x_wconf 81' lang='lat' dir='ltr'><strong>Thoracis</strong></span> <span class='ocrx_word' id='word_1_277' title='bbox 344 2258 461 2295; x_wconf 85' lang='lat' dir='ltr'><strong>vittae</strong></span> <span class='ocrx_word' id='word_1_278' title='bbox 498 2257 668 2294; x_wconf 88' lang='lat' dir='ltr'><strong>dorsales</strong></span> <span class='ocrx_word' id='word_1_279' title='bbox 705 2257 860 2307; x_wconf 72' lang='lat' dir='ltr'><strong>nigrae,</strong></span> <span class='ocrx_word' id='word_1_280' title='bbox 896 2258 933 2294; x_wconf 90' lang='lat' dir='ltr'><strong>in</strong></span> <span class='ocrx_word' id='word_1_281' title='bbox 971 2255 1160 2306; x_wconf 81' lang='lat' dir='ltr'><strong>exemplis</strong></span> <span class='ocrx_word' id='word_1_282' title='bbox 1190 2253 1332 2291; x_wconf 82' lang='lat' dir='ltr'><strong>illaesis</strong></span> <span class='ocrx_word' id='word_1_283' title='bbox 1362 2265 1494 2290; x_wconf 85' lang='lat' dir='ltr'><strong>omnes</strong></span> <span class='ocrx_word' id='word_1_284' title='bbox 1523 2250 1670 2303; x_wconf 89' lang='lat' dir='ltr'><strong>polline</strong></span> 
     </span>
     <span class='ocr_line' id='line_1_34' title="bbox 125 2315 1670 2371; baseline -0.003 -14"><span class='ocrx_word' id='word_1_285' title='bbox 125 2321 277 2357; x_wconf 88' lang='lat' dir='ltr'><strong>cinereo</strong></span> <span class='ocrx_word' id='word_1_286' title='bbox 306 2333 494 2370; x_wconf 73' lang='lat' dir='ltr'><strong>aspersae,</strong></span> <span class='ocrx_word' id='word_1_287' title='bbox 524 2320 756 2358; x_wconf 88' lang='lat' dir='ltr'><strong>intermedia</strong></span> <span class='ocrx_word' id='word_1_288' title='bbox 786 2320 950 2371; x_wconf 82' lang='lat' dir='ltr'><strong>duplex;</strong></span> <span class='ocrx_word' id='word_1_289' title='bbox 987 2319 1138 2357; x_wconf 87' lang='lat' dir='ltr'><strong>humeri</strong></span> <span class='ocrx_word' id='word_1_290' title='bbox 1167 2318 1312 2370; x_wconf 88' lang='lat' dir='ltr'><strong>polline</strong></span> <span class='ocrx_word' id='word_1_291' title='bbox 1342 2315 1670 2354; x_wconf 87' lang='lat' dir='ltr'><strong>aureo-ochraceo</strong></span> 
     </span>
     <span class='ocr_line' id='line_1_35' title="bbox 126 2379 1668 2435; baseline -0.002 -15"><span class='ocrx_word' id='word_1_292' title='bbox 126 2383 332 2420; x_wconf 76' lang='lat' dir='ltr'><strong>confertim</strong></span> <span class='ocrx_word' id='word_1_293' title='bbox 363 2384 522 2429; x_wconf 60' lang='lat' dir='ltr'><strong>obtecti,</strong></span> <span class='ocrx_word' id='word_1_294' title='bbox 553 2385 741 2435; x_wconf 77' lang='lat' dir='ltr'><strong>margines</strong></span> <span class='ocrx_word' id='word_1_295' title='bbox 771 2384 950 2422; x_wconf 79' lang='lat' dir='ltr'><strong>laterales</strong></span> <span class='ocrx_word' id='word_1_296' title='bbox 981 2384 1081 2421; x_wconf 79' lang='lat' dir='ltr'><strong>dorsi</strong></span> <span class='ocrx_word' id='word_1_297' title='bbox 1112 2382 1326 2420; x_wconf 85' lang='lat' dir='ltr'><strong>obsoletius</strong></span> <span class='ocrx_word' id='word_1_298' title='bbox 1355 2379 1668 2430; x_wconf 79' lang='lat' dir='ltr'><strong>ocliraceo-polli-</strong></span> 
     </span>
     <span class='ocr_line' id='line_1_36' title="bbox 127 2444 1669 2498; baseline -0.002 -15"><span class='ocrx_word' id='word_1_299' title='bbox 127 2447 222 2483; x_wconf 78' lang='lat' dir='ltr'><strong>nasi.</strong></span> <span class='ocrx_word' id='word_1_300' title='bbox 294 2445 457 2484; x_wconf 85' lang='lat' dir='ltr'><strong>Pleurae</strong></span> <span class='ocrx_word' id='word_1_301' title='bbox 500 2448 879 2498; x_wconf 75' lang='lat' dir='ltr'><strong>nigro-maculatae,</strong></span> <span class='ocrx_word' id='word_1_302' title='bbox 928 2446 1180 2498; x_wconf 85' lang='lat' dir='ltr'><strong>inaequaliter</strong></span> <span class='ocrx_word' id='word_1_303' title='bbox 1219 2444 1669 2495; x_wconf 86' lang='lat' dir='ltr'><strong>ochraceo-pollinosae.</strong></span> 
     </span>
     <span class='ocr_line' id='line_1_37' title="bbox 127 2508 1668 2561; baseline -0.003 -14"><span class='ocrx_word' id='word_1_304' title='bbox 127 2510 367 2548; x_wconf 81' lang='lat' dir='ltr'><strong>Metanotum</strong></span> <span class='ocrx_word' id='word_1_305' title='bbox 399 2511 567 2561; x_wconf 69' lang='lat' dir='ltr'><strong>nigrum,</strong></span> <span class='ocrx_word' id='word_1_306' title='bbox 595 2511 702 2550; x_wconf 88' lang='lat' dir='ltr'><strong>callis</strong></span> <span class='ocrx_word' id='word_1_307' title='bbox 734 2516 860 2550; x_wconf 85' lang='lat' dir='ltr'><strong>lamen</strong></span> <span class='ocrx_word' id='word_1_308' title='bbox 884 2512 1108 2551; x_wconf 86' lang='lat' dir='ltr'><strong>lateralibus</strong></span> <span class='ocrx_word' id='word_1_309' title='bbox 1129 2510 1336 2548; x_wconf 84' lang='lat' dir='ltr'><strong>confertim</strong></span> <span class='ocrx_word' id='word_1_310' title='bbox 1357 2514 1395 2547; x_wconf 84' lang='lat' dir='ltr'><strong>et</strong></span> <span class='ocrx_word' id='word_1_311' title='bbox 1416 2509 1515 2547; x_wconf 84' lang='lat' dir='ltr'><strong>laete</strong></span> <span class='ocrx_word' id='word_1_312' title='bbox 1538 2508 1668 2547; x_wconf 84' lang='lat' dir='ltr'><strong>ochra-</strong></span> 
     </span>
     <span class='ocr_line' id='line_1_38' title="bbox 126 2574 1670 2627; baseline 0 -18"><span class='ocrx_word' id='word_1_313' title='bbox 126 2574 435 2623; x_wconf 85' lang='lat' dir='ltr'><strong>ceo-pollinosis.</strong></span> <span class='ocrx_word' id='word_1_314' title='bbox 494 2575 600 2612; x_wconf 85' lang='lat' dir='ltr'><strong>Basis</strong></span> <span class='ocrx_word' id='word_1_315' title='bbox 628 2577 817 2627; x_wconf 74' lang='lat' dir='ltr'><strong>segmenti</strong></span> <span class='ocrx_word' id='word_1_316' title='bbox 847 2576 1103 2614; x_wconf 81' lang='lat' dir='ltr'><strong>abdoininalis</strong></span> <span class='ocrx_word' id='word_1_317' title='bbox 1134 2574 1246 2627; x_wconf 88' lang='lat' dir='ltr'><strong>primi</strong></span> <span class='ocrx_word' id='word_1_318' title='bbox 1278 2587 1429 2625; x_wconf 86' lang='lat' dir='ltr'><strong>semper</strong></span> <span class='ocrx_word' id='word_1_319' title='bbox 1457 2574 1581 2622; x_wconf 78' lang='lat' dir='ltr'><strong>nigra;</strong></span> <span class='ocrx_word' id='word_1_320' title='bbox 1616 2585 1670 2610; x_wconf 90' lang='lat' dir='ltr'><strong>se-</strong></span> 
     </span>
     <span class='ocr_line' id='line_1_39' title="bbox 128 2635 1668 2691; baseline -0.001 -19"><span class='ocrx_word' id='word_1_321' title='bbox 128 2643 370 2686; x_wconf 81' lang='lat' dir='ltr'><strong>gmentorum</strong></span> <span class='ocrx_word' id='word_1_322' title='bbox 401 2638 638 2690; x_wconf 87' lang='lat' dir='ltr'><strong>reliquorum</strong></span> <span class='ocrx_word' id='word_1_323' title='bbox 670 2642 860 2691; x_wconf 77' lang='lat' dir='ltr'><strong>margines</strong></span> <span class='ocrx_word' id='word_1_324' title='bbox 892 2641 1027 2691; x_wconf 83' lang='lat' dir='ltr'><strong>postici</strong></span> <span class='ocrx_word' id='word_1_325' title='bbox 1061 2639 1289 2691; x_wconf 85' lang='lat' dir='ltr'><strong>plerumque</strong></span> <span class='ocrx_word' id='word_1_326' title='bbox 1320 2638 1447 2675; x_wconf 85' lang='lat' dir='ltr'><strong>colore</strong></span> <span class='ocrx_word' id='word_1_327' title='bbox 1479 2637 1587 2687; x_wconf 76' lang='lat' dir='ltr'><strong>nigro</strong></span> <span class='ocrx_word' id='word_1_328' title='bbox 1611 2635 1668 2672; x_wconf 71' lang='lat' dir='ltr'><strong>vel</strong></span> 
     </span>
     <span class='ocr_line' id='line_1_40' title="bbox 130 2700 1670 2754; baseline 0.001 -20"><span class='ocrx_word' id='word_1_329' title='bbox 130 2700 340 2750; x_wconf 79' lang='lat' dir='ltr'><strong>nigricante</strong></span> <span class='ocrx_word' id='word_1_330' title='bbox 371 2702 538 2739; x_wconf 86' lang='lat' dir='ltr'><strong>limbati.</strong></span> <span class='ocrx_word' id='word_1_331' title='bbox 570 2704 760 2753; x_wconf 83' lang='lat' dir='ltr'><strong>margines</strong></span> <span class='ocrx_word' id='word_1_332' title='bbox 791 2704 966 2742; x_wconf 74' lang='lat' dir='ltr'><strong>laterales</strong></span> <span class='ocrx_word' id='word_1_333' title='bbox 994 2717 1145 2754; x_wconf 88' lang='lat' dir='ltr'><strong>semper</strong></span> <span class='ocrx_word' id='word_1_334' title='bbox 1174 2703 1288 2753; x_wconf 86' lang='lat' dir='ltr'><strong>paulo</strong></span> <span class='ocrx_word' id='word_1_335' title='bbox 1318 2702 1431 2740; x_wconf 88' lang='lat' dir='ltr'><strong>latius</strong></span> <span class='ocrx_word' id='word_1_336' title='bbox 1461 2701 1578 2750; x_wconf 78' lang='lat' dir='ltr'><strong>nigri3</strong></span> <span class='ocrx_word' id='word_1_337' title='bbox 1608 2713 1670 2737; x_wconf 89' lang='lat' dir='ltr'><strong>an-</strong></span> 
     </span>
     <span class='ocr_line' id='line_1_41' title="bbox 132 2763 1668 2818; baseline 0.002 -22"><span class='ocrx_word' id='word_1_338' title='bbox 132 2763 206 2811; x_wconf 68' lang='lat' dir='ltr'><strong>guli</strong></span> <span class='ocrx_word' id='word_1_339' title='bbox 248 2766 383 2813; x_wconf 72' lang='lat' dir='ltr'><strong>postici</strong></span> <span class='ocrx_word' id='word_1_340' title='bbox 422 2768 608 2817; x_wconf 78' lang='lat' dir='ltr'><strong>segmenti</strong></span> <span class='ocrx_word' id='word_1_341' title='bbox 650 2768 759 2817; x_wconf 84' lang='lat' dir='ltr'><strong>primi</strong></span> <span class='ocrx_word' id='word_1_342' title='bbox 799 2768 896 2805; x_wconf 82' lang='lat' dir='ltr'><strong>laete</strong></span> <span class='ocrx_word' id='word_1_343' title='bbox 932 2767 1336 2818; x_wconf 60' lang='lat' dir='ltr'><strong>ocliraceo-pollinffli3</strong></span> <span class='ocrx_word' id='word_1_344' title='bbox 1382 2766 1570 2813; x_wconf 65' lang='lat' dir='ltr'><strong>margines</strong></span> <span class='ocrx_word' id='word_1_345' title='bbox 1608 2778 1668 2814; x_wconf 91' lang='lat' dir='ltr'><strong>po-</strong></span> 
     </span>
    </p>
   </div>
  </div>
 </body>
</html>
