1752 2978
181 105 233 144 86
737 106 789 144 H.
818 107 933 144 Loew
942 122 953 143 .·
984 106 1155 158 Diptera

181 216 307 263 nigri,
341 216 491 260 primus
526 217 722 248 taz-soram
760 217 977 249 anticorum
1013 214 1204 250 articulus
1238 217 1331 250 setis
1365 218 1495 264 nigris
1525 220 1711 261 armatus,

182 276 340 312 artic-uli
368 275 443 310 duo
471 281 668 325 sequentes
695 289 773 312 non
802 276 1022 313 abbreviati.

287 352 315 393 Ω
345 359 484 403 nigrae
521 354 736 391 abdominis
761 355 923 403 fasciae
957 362 1170 406 angustae,
1206 356 1484 396 subobsoletae:
1527 358 1713 393 baller-um

182 418 392 466 capitulum
413 417 581 467 flavum.

288 495 406 547 Long.
437 509 539 547 corp.
571 497 713 546 2—-24-
743 496 822 543 lin,
851 496 959 546 Long
1003 497 1037 533 al
1080 498 1216 546 253—
1258 501 1310 548 T}
1339 498 1404 534 liu.

291 588 446 633 Viridis,
467 590 623 635 nitidus,
646 590 745 626 haud
770 603 854 626 raro
876 604 923 627 ex
945 589 1132 639 chalyben
1155 590 1298 636 viridis,
1319 589 1558 641 proboscide,
1579 590 1713 642 palpiS.

182 655 357 691 antennis
385 653 622 704 pedibusque
652 654 782 703 nigriS.
838 654 969 691 Facies
1000 654 1123 696 nuda,
1161 654 1330 690 tenuiter
1365 653 1713 704 albido-polliuosa.

186 718 336 754 Fasciae
355 722 641 767 segmentorum
664 717 962 755 abdominalium
978 717 1216 767 singulorum
1239 716 1383 753 basalcs
1403 718 1531 766 nigrae
1553 717 1588 753 in
1610 730 1715 753 mare

182 781 281 818 latac
312 785 348 818 et
385 780 582 829 aequales,
620 781 657 816 in
695 781 861 817 foemina
891 785 1071 831 angustae
1100 784 1135 817 ct
1173 779 1380 817 obsoletae.
1438 779 1712 830 Hypopygiuni

183 845 347 895 nigrum,
377 842 652 893 appendicibus
682 843 839 882 minutis
870 843 1148 881 concoloribus.
1203 843 1362 881 Femora
1392 844 1488 880 infra
1520 843 1604 893 pilis
1633 857 1714 894 per-

183 907 318 956 longis,
349 906 540 956 plerisque
561 905 709 952 albidis,
740 908 838 958 apici
863 908 1049 958 proximis
1080 907 1194 956 nigris
1221 908 1405 950 vest.itae;
1425 907 1545 944 tibiae
1565 907 1715 944 aulicae

183 971 328 1021 posticc
357 969 446 1006 setis
476 973 645 1018 quatuor
673 970 733 1006 vel
763 972 952 1020 quinque,
989 971 1025 1006 in
1055 971 1224 1007 foemina
1254 970 1493 1008 brevioribus
1529 974 1715 1014 armatae,

183 1033 298 1071 tibiae
327 1033 578 1070 intermediae
607 1034 739 1081 maris,
776 1048 941 1085 superne
969 1033 1056 1084 pilis
1087 1034 1287 1071 ordinariis
1317 1033 1447 1084 paullo
1477 1033 1714 1085 longioribus

183 1096 354 1134 obsoleta
382 1096 627 1143 subciliatae,
663 1101 762 1133 setas
801 1108 939 1146 paucas
976 1101 1013 1134 et
1052 1097 1203 1135 modice
1242 1097 1374 1147 longas
1403 1101 1553 1147 gerunt.
1608 1096 1714 1134 Tarsi

185 1160 383 1209 utriusque
411 1173 524 1197 sexus
552 1160 763 1211 simplices,
793 1161 938 1211 primus
967 1161 1184 1198 anticorum
1213 1160 1397 1198 articulus
1427 1161 1463 1197 in
1495 1172 1598 1198 mare
1625 1161 1714 1197 setis

183 1238 250 1262 sex
282 1223 342 1260 vel
371 1226 518 1273 septem
540 1223 630 1260 satis
659 1223 795 1274 longis„
825 1224 864 1260 in
893 1223 1061 1261 foemina
1081 1224 1214 1262 setulis
1243 1224 1407 1261 totidem
1430 1224 1539 1261 valde
1559 1223 1715 1261 minutis

182 1291 370 1330 armatus3
409 1287 552 1337 primus
581 1290 771 1324 tarsorum
801 1287 1119 1325 intermediorum
1155 1287 1337 1324 articulus
1375 1287 1413 1323 in
1450 1300 1551 1325 mare
1589 1287 1715 1324 anticc

183 1356 218 1388 et
247 1363 411 1401 superne
440 1350 525 1400 pilis
547 1350 812 1387 minutissimis
833 1350 1113 1388 obsoletissime
1132 1350 1366 1388 subciliatus.
1410 1349 1583 1388 Halteres
1604 1351 1716 1387 maris

183 1428 230 1451 ex
261 1414 366 1451 fusco
388 1413 500 1463 nigri,
530 1413 721 1451 foeminae
742 1414 843 1457 ssavi,
873 1414 1093 1463 pedunculo
1124 1419 1250 1451 tamen
1273 1413 1504 1451 obscuriore.
1548 1412 1716 1463 Tegulae

183 1477 559 1527 nigro-marginatae
589 1482 624 1514 et
656 1476 946 1528 nigro-ciliatae.
992 1478 1085 1515 Alae
1116 1477 1307 1527 liyalinae,
1337 1477 1461 1513 fasciis
1491 1476 1635 1513 duabus
1663 1477 1716 1513 ni-

182 1540 436 1591 gricantibus,
478 1541 604 1577 antice
639 1541 853 1577 coniunctis
890 1544 928 1578 et
962 1541 1112 1591 postice
1151 1540 1399 1585 abbreviatis,
1436 1540 1581 1591 pictae,
1617 1552 1715 1576 vena

183 1609 395 1641 transversa
425 1603 618 1654 posterior
646 1603 795 1641 modice
827 1603 991 1654 obliqua.
1025 1626 1071 1631 —
1102 1603 1304 1653 (Mexico.)

288 1721 349 1757 70.
380 1720 618 1769 Psilopus
647 1720 936 1757 dimidiatus
966 1733 1054 1757 nov.
1075 1733 1130 1770 sp.
1162 1716 1212 1761 c?
1269 1718 1558 1765 Nitidissimus,
1589 1723 1717 1768 capite

181 1786 408 1834 Ilioraeeque
436 1785 639 1829 violaceis,
669 1784 866 1821 abdomine
897 1785 1029 1827 viridi,
1061 1784 1175 1833 pedes
1203 1784 1414 1832 simplices,
1443 1783 1624 1833 graciles,
1643 1781 1715 1831 se—

180 1847 347 1883 moribus
386 1847 537 1897 nigris,
573 1847 677 1883 tibiis
698 1848 846 1896 flavis,
881 1853 1002 1884 tarsis
1025 1848 1180 1898 suscis;
1219 1847 1304 1882 alae
1340 1845 1529 1897 exsusco
1563 1847 1716 1896 nigrae,

181 1915 322 1947 triente
352 1911 565 1960 marginali
594 1917 628 1947 et
659 1916 836 1961 margine
862 1916 1014 1960 postico
1042 1911 1220 1960 hyalinis.
1240 1931 1289 1937 -—-
1318 1908 1440 1960 Long.
1462 1921 1567 1960 corp.
1590 1909 1612 1944 2
1636 1908 1716 1955 lin.,

182 1972 302 2023 Long⁴
333 1972 381 2010 al.
412 1975 461 2021 2&
492 1973 556 2009 lin.

287 2046 413 2097 Caput
444 2045 679 2092 violaceum,
709 2046 834 2084 fronte
865 2052 1015 2098 praeter
1043 2052 1143 2085 setas
1172 2047 1382 2084 ordinarias
1412 2050 1449 2083 et
1478 2045 1574 2083 facie
1611 2045 1715 2082 albo-

181 2110 370 2161 polliuosa
394 2109 525 2155 nudis,
553 2113 742 2145 antennae
763 2122 914 2160 parvae,
944 2112 1086 2161 nigrae,
1116 2110 1277 2147 articulo
1300 2109 1469 2146 secundo
1492 2108 1716 2145 brevissime

181 2173 455 2223 nigro-pilos03
491 2176 571 2209 seta
607 2177 862 2209 antennarum
900 2173 1081 2219 dorsalis,
1119 2173 1336 2210 mediocris.
1391 2170 1511 2208 Color
1548 2171 1715 2208 thoracis

181 2236 387 2279 violaceus,
418 2236 601 2273 adversus
630 2236 838 2285 marginem
861 2238 1054 2286 posticum
1085 2237 1121 2273 in
1153 2235 1386 2284 chalybeum
1406 2248 1579 2285 vergens.
1622 2233 1716 2271 Scu-

181 2299 314 2336 tellum
346 2299 587 2349 chalybeum.
645 2297 804 2335 Pleurae
834 2312 880 2336 ex
911 2299 1024 2336 viridi
1054 2300 1203 2349 nigrae,
1234 2297 1581 2348 albo-polliuosae.
1638 2297 1715 2335 Ab·

182 2363 320 2399 ‹lomeu
351 2362 491 2407 viride,
525 2361 815 2405 nitidissimum,
845 2363 935 2399 setis
964 2363 1000 2399 in
1033 2362 1203 2412 margine
1231 2366 1517 2411 segmentorum
1547 2361 1715 2411 singulo-

182 2439 262 2462 rum
300 2425 451 2476 postico
482 2423 750 2461 mediocribus.
807 2424 1087 2476 Hypopygium
1125 2438 1296 2476 parvum.
1353 2424 1485 2462 Coxac
1521 2438 1568 2461 ex
1606 2424 1713 2461 fusco

181 2489 324 2539 nigrae.
357 2487 687 2538 albo-polliiiosae,
718 2489 867 2525 aulicae
896 2488 982 2538 pilis
1012 2493 1050 2525 et
1078 2489 1169 2526 setis
1198 2488 1336 2525 albidis
1357 2488 1537 2532 vestitae,
1568 2487 1714 2523 seniora

180 2551 349 2602 gracilia,
378 2550 576 2596 subnuda,
607 2563 655 2586 ex
684 2550 792 2587 fusco
823 2552 948 2601 nigra,
979 2565 1129 2589 summo
1160 2557 1285 2588 tamen
1315 2551 1423 2601 apice
1452 2551 1568 2596 ssavo,
1600 2550 1714 2586 tibiae

180 2618 326 2659 tenues,
355 2614 493 2658 flavae,
523 2614 744 2650 brevissime
774 2615 1066 2664 nigro-pilosae,
1095 2614 1181 2664 pilis
1212 2613 1523 2650 inici-mediarum
1553 2613 1714 2649 erectio-

180 2678 302 2724 ribus,
334 2677 420 2714 tarsi
452 2682 598 2720 tenues,v
628 2677 832 2727 simpliceS,
863 2678 970 2716 fusci.
1000 2678 1209 2714 anteriores
1238 2676 1339 2712 tibiis
1359 2675 1480 2712 multo
1512 2675 1713 2724 longiores·

182 2738 278 2776 Cilia
309 2740 524 2791 tegularum
554 2740 672 2789 nigra.
742 2739 836 2776 Alae
866 2753 913 2777 ex
945 2740 1050 2777 fusco
1082 2740 1228 2789 nigrae,
1260 2739 1400 2776 triente
1429 2739 1586 2790 apicali,
1616 2751 1712 2775 niar-
