1752 2978
536 136 738 170 Americae
765 136 1091 183 septentrionalis.
1549 136 1576 170 9

51 241 177 278 albida
205 239 353 276 vestita.
409 237 536 288 Caput
565 236 864 279 ssavo·luteum;
900 239 1004 274 frons
1041 251 1207 288 superne
1242 238 1395 275 fasciam
1427 238 1572 287 nigram

51 307 90 339 et
117 300 404 351 nigro-pilosam
434 299 564 345 habet,
601 311 698 348 quae
734 298 851 336 latera
889 313 1019 337 versus
1054 301 1237 337 dilatatur
1265 305 1300 338 et
1331 300 1465 336 dentes
1492 299 1573 336 bre-

50 377 113 400 ves
141 368 216 399 tres
246 362 290 398 ad
325 362 479 400 verticis
508 363 716 411 marginem
748 360 902 405 emittit,
932 363 1032 399 inter
1060 376 1154 412 quos
1184 362 1356 399 maculae
1384 363 1482 398 (luae
1510 362 1571 398 ssa-

49 438 118 462 vae
147 425 442 474 conspiciuntur.
507 424 775 461 Antenuarum
811 424 1002 473 nigrarum
1039 424 1135 461 basis
1169 425 1315 461 macula
1345 425 1489 460 minuta
1519 425 1573 460 ni-

47 488 242 538 gro-fusca
269 487 546 533 circumdatum
581 488 680 523 inter
709 486 874 522 frontem
904 491 939 523 et
969 486 1103 522 facicm
1135 488 1316 536 utrinque
1346 487 1493 524 macula
1522 487 1573 523 la-

47 550 176 587 teralis
204 550 308 586 fusca
338 550 408 587 sita
440 554 506 587 est.
566 549 693 585 Facies
727 549 824 585 vitta
859 562 924 586 seu
961 548 1090 598 potius
1124 549 1226 586 linea
1261 548 1369 587 fusca
1404 554 1572 587 notatur.

48 612 214 663 Occiput
243 612 432 649 maculam
462 624 637 660 magnam
661 610 909 647 discoidalem
932 611 1078 659 nigram
1102 609 1227 655 baben
1255 624 1421 660 superne
1448 612 1573 648 radios

47 679 122 711 tres
151 675 404 718 emittentem,
434 673 486 710 ita
517 678 556 710 ut
589 674 776 722 margines
805 672 982 710 laterales
1017 672 1082 708 lati
1114 677 1150 709 et
1180 672 1353 709 maculae
1382 674 1479 710 duae
1510 675 1573 710 tri-

47 737 220 787 angulae„
249 749 334 774 cum
366 736 518 773 verticis
553 736 711 772 maculis
747 740 934 772 connatac
971 735 1090 772 flavae
1125 735 1212 771 sint.
1269 734 1425 772 Thorax
1454 736 1572 786 niger,

47 800 191 848 angulis
221 799 375 849 posticis
404 802 441 835 et
471 798 687 847 pleni-arum
717 798 835 835 limbo
871 810 1010 848 supero
1047 797 1219 834 obsolete
1255 797 1421 834 luteolis.
1478 797 1571 834 Scu-

46 861 178 898 tellnm
207 862 359 898 ssavum.
424 860 626 898 Abdomen
671 863 837 912 nigrum.
882 860 1128 897 latiusculum
1165 864 1203 897 et
1241 873 1474 903 convexum3
1517 873 1571 897 se-

45 929 287 974 gmentorum
317 923 494 968 secundi,
523 925 627 960 tertii
659 928 696 960 et
725 924 851 972 quarti
882 923 1009 972 anguli
1039 923 1155 959 antici
1185 923 1296 967 ssavi:
1332 928 1572 973 segmentum

43 986 250 1024 secundum
279 990 478 1035 practerea
508 987 544 1022 in
575 987 754 1036 marginis
790 986 925 1036 postici
964 985 1148 1022 lateribus
1183 985 1318 1034 strigas
1352 998 1417 1022 seu
1448 997 1573 1022 macu-

44 1048 98 1086 las
126 1053 359 1085 transversas
389 1049 523 1094 flavas,
559 1049 852 1099 appendiculam
891 1049 1074 1084 adversus
1109 1048 1296 1097 segmenti
1327 1048 1445 1084 basim
1476 1047 1571 1084 ‹lire-

46 1116 147 1147 ctam
176 1112 398 1148 emittentes
426 1111 558 1156 haben
594 1112 734 1160 strigae
761 1112 883 1147 flavae
911 1111 1097 1161 segmenti
1128 1110 1227 1147 tertii
1257 1109 1394 1159 longae
1423 1115 1460 1147 et
1488 1110 1572 1147 sub-

45 1174 259 1223 contiguae„
288 1174 338 1209 ita
369 1177 409 1209 ut
439 1173 595 1209 limbum
625 1174 804 1224 marginis
834 1174 970 1223 postici
990 1172 1255 1223 subintegrum
1287 1176 1323 1209 et
1353 1173 1409 1209 bis
1438 1174 1571 1210 dilata-

46 1240 124 1272 tum
155 1236 411 1277 constituant3
439 1239 678 1285 segmentum
708 1240 885 1284 quartum
916 1235 1073 1271 limbum
1110 1235 1291 1285 marginis
1320 1236 1456 1286 postici
1485 1238 1572 1273 sub-

45 1298 240 1346 aequalem
271 1297 423 1342 ssavum‚
452 1310 573 1347 prope
603 1298 718 1334 latera
748 1298 877 1334 subito
908 1302 1148 1334 attenuatum
1172 1297 1302 1343 habe13
1333 1303 1571 1348 segmentum

44 1361 220 1409 quintum
249 1359 410 1405 ssavum„
446 1360 563 1396 limbo
600 1361 780 1410 marginis
818 1361 932 1396 antici
970 1360 1126 1396 sinuoso
1158 1360 1394 1410 maculisque
1424 1361 1572 1398 duabus

44 1423 189 1473 magnis
218 1421 455 1459 difformibus
484 1422 611 1471 nigris.
688 1421 832 1459 Venter
860 1423 992 1467 ssavus,
1022 1422 1148 1458 fasciis
1181 1422 1373 1459 basalibus
1401 1437 1572 1473 segmen-

44 1490 173 1521 torum
207 1484 444 1534 singulorum
479 1485 607 1536 nigris.
669 1483 786 1522 Pedes
826 1484 1081 1530 latescentes,
1126 1485 1332 1522 femoribus
1376 1486 1473 1522 infra
1517 1487 1572 1523 fu-

44 1547 305 1584 sco-lituratis.
348 1546 443 1584 Alae
464 1548 690 1592 infuscatae,
718 1548 826 1596 apice
848 1547 1038 1584 decolore.
1056 1568 1104 1572 —
1123 1547 1306 1593 (lllinois3
1328 1546 1379 1585 Le
1400 1547 1557 1596 Bai-on.)

152 1662 211 1698 12.
241 1664 572 1713 Slraloe'omyia
599 1667 916 1713 quaternaria
946 1675 1032 1698 nov.
1055 1676 1108 1712 sp.
1139 1661 1189 1703 0⁷.
1247 1663 1394 1713 Nigro,
1414 1665 1572 1700 scutella

42 1732 196 1774 praeler
235 1731 448 1775 nmrge'nem
477 1727 661 1774 apicalem
700 1726 915 1770 concolor-Q
959 1726 1172 1761 abdominis
1205 1733 1403 1775 segmenta
1437 1741 1571 1764 secun-

44 1789 131 1824 dum
159 1795 192 1825 et
215 1793 367 1824 tertium
389 1790 569 1838 utrinque
588 1789 776 1824 maculam
796 1788 1113 1823 subu-olzmdutmn
1130 1789 1297 1837 flue-mn,
1318 1790 1405 1825 >inde
1425 1805 1448 1825 (ι
1468 1804 1571 1826 mar-

40 1855 133 1901 gine
160 1855 291 1886 antico
320 1865 436 1901 usque
464 1851 515 1886 ad
540 1857 731 1899 posticum
758 1855 1031 1899 pertinentem,
1066 1857 1264 1901 seg-meula
1292 1853 1440 1902 reliqua
1468 1868 1571 1889 mar-

43 1919 156 1963 gines
185 1914 363 1949 laterales
377 1913 515 1962 flavos
543 1914 697 1958 leobenlg
736 1919 774 1949 in
807 1919 1002 1963 segmento
1031 1918 1165 1963 quinto
1192 1921 1393 1962 praeterea
1422 1918 1573 1952 macula

45 1977 247 2026 triangula
262 1976 380 2025 flava
409 1977 529 2021 adest,
558 1990 576 2012 e
605 1977 716 2012 limbo
745 1980 937 2025 nun-ginis
964 1981 1106 2024 postici
1135 1983 1169 2012 et
1199 1981 1299 2012 vitm
1329 1979 1452 2014 medici
1480 1992 1571 2016 con-

44 2038 163 2086 fecta.
194 2060 244 2065 —
274 2038 393 2088 Long.
425 2051 529 2088 corp.
560 2040 582 2075 5
612 2039 692 2083 lin„
724 2037 843 2088 Long.
876 2038 921 2075 al.
951 2038 1000 2086 3}
1030 2038 1095 2074 lin.

148 2111 276 2161 Nigra7
304 2111 427 2160 capite
458 2115 541 2147 toto
570 2111 812 2161 scutelloquc
841 2115 992 2161 practer
1029 2112 1239 2161 marginem
1271 2113 1452 2161 apicalem
1484 2128 1571 2151 con-

44 2174 249 2212 coloribus.
306 2172 511 2223 Segmenta
541 2173 756 2210 abdominis
785 2173 994 2211 secundum
1031 2178 1069 2211 ct
1102 2175 1257 2211 tertium
1287 2176 1468 2224 utrinque
1496 2190 1571 2214 ma-

44 2236 128 2276 cula
158 2236 292 2286 magna
320 2236 606 2273 subrotundaia
640 2236 735 2273 flava
766 2241 969 2281 01·11m1tu1·‚
1008 2248 1105 2284 quac
1141 2237 1231 2272 inde
1260 2248 1279 2272 a
1311 2239 1479 2288 margine
1508 2252 1572 2276 an·

44 2300 122 2335 tico
152 2311 272 2347 usquc
301 2299 344 2335 ad
377 2299 586 2349 marginem
616 2298 808 2348 posticum
839 2299 1078 2343 extenditurg
1106 2300 1291 2348 segmenti
1322 2302 1446 2349 quarti
1477 2315 1571 2339 mar-

46 2361 149 2410 gines
180 2359 353 2397 laterales
382 2365 419 2397 ct
448 2360 543 2396 lines
572 2360 746 2398 laterales
777 2361 953 2410 marginis
988 2361 1124 2409 postici
1156 2363 1323 2398 tenuiter
1352 2363 1449 2400 ssavi.
1505 2364 1571 2402 Se-

46 2426 240 2472 gmentum
270 2422 446 2472 quintum
475 2424 642 2459 tenuiter
668 2423 1052 2472 ssavo-marginatum
1090 2428 1126 2460 ct
1159 2423 1275 2460 limbo
1305 2427 1453 2475 postico
1484 2440 1570 2464 cum

48 2484 144 2520 vitta
173 2485 298 2521 aulice
329 2486 550 2534 angustiore
579 2490 617 2521 et
647 2486 758 2534 paulo
797 2485 1014 2522 abbreviata
1051 2486 1087 2521 in
1129 2487 1314 2523 maculam
1345 2489 1569 2539 triangulam

46 2546 182 2583 flavam
212 2546 493 2583 confluentibus
524 2553 712 2584 ornatum.
773 2547 918 2583 Venter
947 2548 1070 2598 niger⁷
1099 2550 1306 2597 segmentis
1335 2552 1503 2587 secundo
1533 2557 1568 2589 et

48 2609 181 2653 tertio,
216 2609 282 2645 illo
321 2614 468 2658 praeter
505 2609 665 2645 limbum
703 2611 881 2659 marginis
919 2611 1033 2646 antici
1070 2612 1378 2659 angustissimum
1410 2614 1569 2650 interru-

50 2676 176 2721 ptum,
213 2671 287 2708 hoc
324 2676 472 2721 praeter
507 2671 660 2708 fasciam
699 2671 862 2708 basalem
899 2673 1078 2722 utrinque
1106 2674 1235 2709 subito
1266 2678 1502 2712 attenuatam
1532 2682 1569 2714 et

50 2733 161 2782 paulo
190 2733 462 2771 abbreviatam.
492 2735 617 2779 llavis;
651 2738 844 2783 segmenta
877 2734 1008 2771 ultima
1037 2735 1112 2771 duo
1142 2737 1349 2785 marginem
1379 2740 1569 2788 posticum
