1752 2978
164 108 241 146 270
732 105 782 142 H.
812 105 944 141 Loew:
975 105 1144 154 Diptera

164 214 281 252 rectis
319 216 521 250 armatum.
579 209 783 248 Abdomen
819 222 934 260 quam
965 210 1002 247 in
1040 209 1320 262 congeneribus
1359 209 1552 262 plerisque
1583 211 1709 248 minus

164 278 400 330 depressum,
429 275 634 312 confertim
667 273 1091 324 cinereo-pollinosum
1128 278 1167 312 et
1197 275 1295 311 vitta
1325 274 1485 326 angusta
1515 275 1620 326 nigra
1651 289 1709 312 or-

165 347 308 379 natum.
367 338 646 390 Hypopygium
676 351 746 389 pro
777 339 958 389 portione
994 350 1186 389 magnum.
1245 337 1379 376 Coxae
1416 339 1707 389 piceo-nigrae,

163 403 414 442 intermediae
450 403 557 453 spina
595 402 746 440 adunca
777 407 957 439 armatae.
1014 402 1175 440 Femora
1214 403 1464 453 piceo-nigra
1496 401 1556 439 vel
1588 403 1707 452 piceaa

163 469 271 519 apice
301 471 477 505 extremo
508 466 670 504 dilutius
703 467 844 512 tincto3
883 466 1031 503 femora
1062 466 1290 504 intermedia
1322 466 1468 512 valida,
1497 466 1534 503 in
1566 466 1709 503 triente

163 532 299 584 apicali
329 531 470 569 sensim
503 534 718 575 attenuata,
748 530 845 566 infra
876 531 966 568 setis
997 544 1119 582 prope
1148 529 1266 567 basim
1298 531 1411 577 raris,
1447 530 1596 580 apicem
1629 543 1708 566 ver-

162 610 225 634 sus
255 594 557 632 confertioribus
594 594 918 645 brevioribusque
955 595 1153 632 instructa.
1217 594 1352 633 Tibiae
1386 609 1435 632 ex
1463 593 1572 631 fusco
1601 593 1710 630 rufae

164 660 223 698 vel
254 663 459 704 testaceae,
489 659 638 696 anticae
669 658 826 709 reliquis
856 672 1009 708 semper
1038 658 1245 703 fusciores,
1283 658 1537 696 intermediae
1566 657 1710 708 simpli-

163 737 238 769 ces,
268 724 410 760 triente
439 722 578 773 apicali
615 722 679 759 vix
715 721 1002 759 obsoletissime
1032 722 1265 769 incrassato,
1303 722 1401 759 infra
1433 724 1536 774 pube
1567 722 1710 760 brevis-

162 787 270 833 sima,
299 788 337 823 in
368 787 510 824 triente
539 785 676 838 apicati
708 785 824 836 paulo
855 785 1032 834 longiore
1063 786 1238 824 vestitae.
1294 785 1402 823 Tarsi
1424 787 1535 836 nigri,
1564 785 1708 836 simpli-

163 865 239 889 ces.
296 850 465 901 Tegulae
494 850 739 895 lutescentes,
768 849 927 888 inferior
958 850 1159 899 superiore
1188 849 1323 900 major.
1380 849 1559 887 Halteres
1589 849 1711 886 dilute

165 916 427 953 flavescentes.
486 914 581 951 Alae
609 913 827 960 subfuscae,
857 913 934 951 basi
967 913 1091 959 lutez⁴13
1120 926 1242 951 venae
1263 913 1566 964 longitudinales
1597 914 1709 951 tertia

164 985 201 1018 et
230 984 366 1029 quarta
397 979 583 1016 adversus
613 979 761 1029 apicem
795 978 948 1015 modice
979 983 1279 1029 convergentes,
1318 990 1440 1015 venae
1475 981 1709 1015 transversa-

163 1045 217 1082 les
246 1044 360 1081 latius
390 1044 493 1081 inter
522 1056 563 1080 se
593 1042 791 1089 distantes,
820 1043 874 1079 ita
905 1046 948 1079 ut
977 1046 1221 1093 segmentum
1244 1041 1423 1079 ultimum
1454 1044 1614 1093 quartae
1643 1040 1708 1077 du—

164 1108 302 1160 plicem
334 1106 562 1158 paenultimi
591 1106 876 1157 longitudinem
905 1119 982 1144 non
1013 1106 1252 1157 aequiparet.
1282 1127 1332 1133 -—
1362 1105 1528 1155 (Middle
1560 1104 1710 1152 States3

167 1170 496 1219 Osten-Sacken.)

272 1235 407 1273 Nota.
476 1235 751 1284 Homalomyia
785 1236 1052 1280 tetracantlaa,
1096 1234 1379 1285 Homalomyioe‘s
1416 1238 1575 1284 apr-icae
1610 1232 1709 1280 Hah,

167 1305 316 1352 insigni
346 1299 434 1337 va.
465 1303 503 1336 et
532 1299 665 1336 obesae
692 1298 785 1337 va.
822 1302 983 1350 propter
1018 1300 1188 1349 pectoris
1225 1311 1493 1350 coxarumque
1526 1299 1709 1335 interme-

167 1365 314 1402 diarum
344 1365 471 1414 spinas
501 1362 625 1400 affinis
656 1367 730 1408 est,
768 1361 813 1399 ab
843 1362 1119 1413 Homulomyid
1147 1362 1276 1409 obesa,
1306 1363 1368 1400 cui
1396 1362 1613 1408 simillima,
1642 1363 1708 1399 vix

167 1428 308 1468 differt.
339 1428 410 1465 nisi
439 1427 565 1464 fronte
595 1427 818 1477 angustiore
848 1431 887 1464 et
916 1426 1047 1464 colore
1076 1426 1262 1464 dilutiore
1290 1427 1445 1478 pedum.

273 1546 334 1582 70.
367 1545 603 1582 Coenosia
632 1549 793 1590 nivea,
824 1557 911 1581 nov.
942 1558 998 1595 sp.
1028 1547 1080 1593 ἆ.
1105 1565 1150 1570 -·
1173 1543 1314 1587 Νἰυεα,
1344 1549 1525 1581 antennis
1542 1550 1732 1594 -pmeYeF‘

165 1609 284 1646 basim
313 1614 588 1660 nigricantem,
614 1609 746 1658 palpis
772 1607 1004 1660 pedibusque
1031 1609 1176 1658 pallide
1196 1608 1483 1655 flavicantibus,
1512 1608 1710 1645 abdomine

164 1675 427 1710 immaculato.
459 1695 505 1699 —
537 1671 658 1723 Long.
690 1685 793 1722 corp.
830 1672 873 1721 l}
898 1671 977 1718 lin,
1006 1672 1109 1723 long.
1141 1671 1189 1710 al.
1224 1673 1270 1722 l}
1292 1672 1358 1710 lin.

269 1747 390 1785 Color
419 1748 555 1799 capitis
596 1751 634 1784 et
670 1746 840 1784 thoracis
870 1746 1083 1798 nigricans,
1119 1747 1185 1784 sed
1216 1751 1394 1785 tomento
1424 1745 1710 1784 confertissimo

163 1812 279 1849 niveo
310 1811 500 1850 obtectus.
558 1811 765 1849 Abdomen
805 1815 985 1857 ovatum,
1022 1811 1174 1857 album,
1204 1811 1388 1849 adversus
1418 1811 1566 1862 apicem
1597 1809 1710 1861 nigri-

165 1889 268 1923 cans,
299 1880 424 1913 totum
456 1875 845 1926 niveo-pollinosum,
881 1875 1184 1913 immaculatum.
1245 1876 1449 1913 Antennae
1480 1873 1712 1911 dilutissime

166 1939 414 1986 lutescentes,
444 1939 627 1977 adversus
656 1940 770 1976 imam
803 1938 921 1976 basim
945 1940 1191 1991 nigricantes,
1222 1939 1449 1985 mediocres,
1479 1937 1559 1976 seta
1591 1937 1710 1982 tenui,

165 2003 335 2040 breviter
370 2003 606 2055 pubescente
642 2002 702 2040 vel
740 2002 933 2047 subnuda.
973 2004 1155 2041 adversus
1194 2003 1316 2041 basim
1361 2002 1475 2053 paulo
1513 2001 1709 2038 validiore.

165 2066 272 2117 Palpi
312 2066 541 2105 dilutissime
577 2067 841 2104 flavescentes.
917 2065 1037 2105 Pedes
1075 2068 1216 2119 pallide
1251 2068 1525 2112 flavescentes,
1563 2071 1710 2109 tenues,

165 2130 276 2167 tarsis
312 2130 537 2181 gracilibus,
574 2131 758 2169 adversus
796 2131 943 2182 apicem
973 2131 1268 2178 subinsuscatis,
1307 2130 1474 2168 articulo
1513 2128 1708 2168 terminali

166 2194 418 2244 nigro-fusco,
447 2194 618 2245 pulvillis
649 2195 880 2246 majusculis.
938 2194 1108 2246 Tegulae
1142 2195 1261 2232 albae.
1320 2193 1416 2231 Alae
1445 2192 1710 2242 cinereo-hya-

166 2256 277 2295 linae.
308 2278 357 2284 ——
388 2257 713 2310 (Pennsylvania3
744 2257 1075 2307 osten-Saeken.)

273 2376 334 2413 71.
366 2375 602 2412 Coenosia
630 2377 894 2427 calopyga,
926 2389 1015 2413 nov,
1036 2390 1092 2428 sp.
1123 2380 1174 2427 0⁷
1204 2398 1253 2403 —
1285 2377 1616 2419 Albido—cinerea,
1645 2387 1710 2409 an·

167 2444 293 2476 tennis
321 2444 427 2483 totis,
454 2441 584 2488 pulpis
611 2441 843 2492 pedibusque
873 2441 994 2478 dilate
1009 2441 1153 2492 flavis,
1183 2441 1386 2477 abdomine
1414 2446 1549 2484 ovato,
1578 2439 1710 2475 adver-

167 2517 233 2540 sus
262 2504 381 2539 basim
412 2502 602 2540 albicante
631 2510 664 2540 et
696 2504 967 2554 subpellucido,
995 2512 1153 2555 praeter
1180 2511 1318 2543 vittam
1338 2511 1373 2542 et
1393 2505 1634 2541 macularum
1654 2516 1711 2538 so-

167 2568 327 2604 litarum
363 2568 481 2602 series
517 2571 557 2603 ἱη
591 2573 801 2618 segmentis
838 2571 955 2606 tertio
991 2576 1026 2606 et
1063 2575 1203 2621 quarto
1232 2574 1414 2621 utrinque
1442 2569 1595 2605 macula
1620 2580 1709 2614 per-

167 2630 313 2681 magna
339 2631 586 2681 piceo-nigrai
615 2639 767 2669 ornato,
801 2654 846 2659 —-
878 2631 1000 2684 Long.
1023 2646 1127 2685 corp.
1152 2634 1226 2683 lfa
1249 2633 1330 2680 lin„
1360 2633 1465 2683 long.
1486 2632 1532 2670 al.
1558 2633 1602 2681 l÷
1626 2630 1691 2668 lin.

274 2702 393 2741 Color
422 2705 556 2753 capitis
586 2706 778 2754 nigricans
807 2707 954 2758 polline
983 2708 1070 2746 albo
1090 2709 1128 2746 in
1149 2708 1494 2746 albido-cinereum
1521 2709 1710 2748 mutatur,

170 2766 293 2802 orbita
323 2780 442 2817 prope
473 2772 659 2806 antennas
688 2769 916 2821 plerumque
947 2774 1133 2820 flavescit,
1164 2785 1294 2822 margo
1316 2772 1465 2808 anticus
1496 2769 1632 2807 frontis
1653 2769 1709 2805 in-
